3407 5226
2664 504 2747 571 45

468 685 590 756 hoc
633 687 778 756 loco
828 685 1185 775 expositum
1233 695 1481 776 putant.
1556 690 1757 757 veteri
1805 695 1972 757 enim
2019 695 2323 779 religione
2372 695 2749 780 pontificum

467 794 976 881 praecipiebatur
1047 795 1576 880 inaugurato
1650 793 1999 860 flamini
2074 805 2448 879 vestem,
2535 820 2748 884 quae

467 901 724 964 laena
801 898 1310 976 dicebatur,
1391 919 1430 962 a
1502 898 1962 964 flaminica
2037 902 2222 964 texi
2299 909 2752 985 oportere:

469 1022 712 1088 quam
800 1007 1128 1066 vestem
1238 1022 1415 1065 cum
1521 1001 1861 1086 cultro,
1968 1023 2187 1089 quae
2291 1005 2753 1090 secespita

470 1104 1129 1189 appellabatur,
1172 1103 1218 1186 †
1264 1106 1389 1170 uti
1434 1105 1775 1173 debere.
1827 1107 1912 1191 cf.
1952 1107 2054 1190 fr.
2100 1107 2184 1169 18
2226 1108 2404 1172 etde
2445 1111 2747 1194 secespita
2792 1145 2819 1187 5

453 1207 557 1291 fr.
605 1206 704 1270 51.

675 1309 997 1395 Interpol..
1048 1310 1226 1375 Serv,
1291 1312 1456 1375 Aen.
1523 1310 1619 1375 IV
1680 1312 1807 1374 263
1883 1332 2037 1376 sane
2112 1313 2236 1376 hoc
2308 1312 2451 1378 loco
2532 1313 2750 1379 docuit
2839 1339 2916 1403 13

466 1414 811 1478 flamini
902 1434 941 1476 a
1028 1412 1488 1478 flaminica
1576 1412 1784 1477 fieri
1871 1420 2203 1480 vestem
2311 1422 2748 1499 oportere,

468 1520 720 1583 cuius
809 1518 1094 1581 lanam
1183 1518 1372 1602 ipsa
1438 1538 1594 1602 per
1665 1538 1757 1582 se
1833 1526 1917 1583 et
1990 1537 2197 1584 nere
2273 1519 2590 1584 debeat
2666 1527 2750 1584 et

465 1626 794 1686 texere.
842 1620 928 1703 cf.
968 1620 1065 1703 fr.
1113 1621 1215 1686 17.
1973 1612 1976 1613 ’
2794 1666 2852 1711 10

675 1724 836 1788 Gell.
883 1747 943 1789 n.
991 1746 1050 1790 a.
1096 1725 1164 1789 X
1215 1728 1328 1807 15,
1389 1727 1473 1788 32
1533 1723 1732 1789 verba
1799 1724 1889 1790 M.
1932 1724 2246 1790 Varronis
2314 1746 2396 1789 ex
2463 1725 2746 1791 secundo
2836 1765 2916 1828 19

470 1849 684 1892 rerum
722 1827 1074 1892 divinarum
1121 1848 1316 1913 super
1361 1828 1616 1891 flamine
1659 1827 1831 1892 Diali
1877 1829 2037 1893 haec
2080 1835 2265 1893 sunt:
2328 1826 2413 1893 ‘is
2475 1830 2751 1894 solum

469 1930 756 1994 album
804 1930 1069 1996 habet
1130 1932 1560 2014 galerum,
1624 1931 1729 1995 vel
1773 1932 1946 2015 quod
1993 1932 2334 2014 maximus,
2383 1932 2483 1996 vel
2528 1934 2751 2016 quod

468 2034 661 2098 Iovi
737 2034 1191 2098 immolata
1258 2034 1550 2136 hostia
1617 2034 1816 2098 alba
1875 2034 1957 2097 id
2019 2034 2228 2100 fieri
2299 2036 2749 2120 oporteat’.

469 2276 659 2342 legere
697 2275 815 2328 vult
833 2312 854 2347 ,ο
896 2274 1080 2326 omnia
1130 2290 1298 2341 supra
1337 2274 1490 2328 dicta
1525 2277 1764 2327 latenter
1801 2277 2083 2342 amplexus
2109 2281 2233 2350 est:
2291 2293 2414 2329 nam
2453 2276 2751 2342 inaugura-

470 2363 636 2416 tionis
674 2361 934 2426 meminit,
973 2378 1094 2414 cum
1134 2361 1268 2415 dicit
1302 2359 1459 2430 (252)
1496 2364 1740 2430 ‘paribus
1791 2364 1969 2416 nitens
2006 2362 2289 2431 Cyllenius
2343 2360 2462 2416 alis'
2502 2367 2557 2415 et
2591 2360 2752 2430 (254)

469 2449 575 2501 ‘avi
613 2444 824 2501 similis’
862 2456 915 2498 et
951 2444 1108 2515 (255)
1143 2444 1309 2502 ‘volat
1360 2465 1603 2517 aequora
1656 2446 1859 2501 iuxta':
1910 2449 2152 2502 ostendit
2188 2451 2331 2502 enim
2371 2454 2613 2502 Aeneam
2654 2466 2750 2502 au-

469 2534 684 2599 spicato
736 2538 791 2584 et
841 2534 1046 2585 iussum
1086 2552 1118 2585 a
1157 2534 1494 2599 Carthagine
1544 2535 1717 2588 abire.
1787 2540 1974 2601 togam
2014 2539 2192 2587 autem
2231 2536 2534 2602 duplicem,
2586 2551 2748 2604 quam

469 2636 802 2687 purpuream
842 2621 1042 2673 debere
1079 2636 1198 2673 esse
1237 2637 1343 2673 non
1386 2621 1606 2673 dubium
1647 2629 1762 2687 est,
1814 2622 1921 2674 hoc
1960 2638 2121 2674 versu
2169 2623 2418 2675 declarat
2455 2624 2749 2691 ‘Tyrioque

469 2706 706 2758 ardebat
754 2707 958 2757 murice
1009 2704 1204 2760 laena'.
1301 2707 1572 2774 secespita
1623 2714 1836 2773 autem,
1892 2706 2146 2775 quoniam
2199 2714 2416 2774 gratum
2468 2725 2577 2760 non
2629 2714 2749 2760 erat

469 2790 641 2857 ipsius
694 2793 926 2844 nominis
978 2793 1162 2846 facere
1211 2795 1573 2857 mentionem,
1624 2794 1700 2846 ita
1754 2793 1999 2845 meminit
2033 2791 2306 2845 ‘stellatus
2356 2794 2566 2861 iaspide
2604 2796 2749 2847 ensis

469 2875 620 2930 erat'.
690 2895 873 2932 ensem
930 2895 1065 2946 ergo
1121 2895 1220 2945 pro
1277 2881 1453 2933 cultro
1507 2880 1764 2946 longiore
1819 2878 2082 2931 debemus
2133 2879 2420 2946 accipere;
2474 2881 2747 2932 stellatum

470 2970 649 3014 autem
699 2982 798 3031 pro
848 2964 1038 3019 ‘clavis
1088 2967 1276 3019 aeneis
1328 2966 1609 3019 vinctnm’.
1681 2965 1948 3032 iaspidem
2002 2968 2184 3018 antem
2234 2965 2359 3017 ideo
2410 2965 2628 3026 intulit,
2681 2981 2750 3018 ne

471 3056 621 3101 totus
657 3067 690 3102 a
727 3067 860 3117 rege
899 3050 1185 3104 discedere
1222 3051 1534 3103 videretur:
1585 3052 1671 3103 cui
1709 3052 2047 3119 propositum
2087 3058 2169 3104 est
2206 3056 2447 3104 veterum
2485 3051 2750 3103 caerimo-

472 3134 687 3186 niarum
736 3137 900 3187 ritum
954 3134 1103 3188 aliud
1155 3152 1327 3202 agens
1382 3137 1723 3203 contingere.
1794 3138 2079 3190 Plutarch.
2117 3139 2276 3190 Num.
2328 3137 2362 3189 7
2414 3143 2494 3190 καὶ
2550 3134 2644 3209 γάρ
2696 3137 2752 3198 ἃς

473 3222 688 3290 ἐφόρουν
724 3224 773 3275 οἷ
809 3224 951 3292 ἱερεῖς
984 3228 1145 3283 λαΐνας
1179 3222 1211 3275 ὅ
1245 3220 1412 3289 Ἰόβας
1442 3229 1648 3294 χλαίνας
1684 3230 1833 3291 φησὶν
1866 3225 2005 3276 εἶναι.

681 3306 746 3360 18
817 3308 1083 3375 Interpol.
1121 3309 1275 3361 Serv.
1312 3310 1448 3361 Aen.
1488 3303 1567 3360 IV
1604 3307 1711 3363 263
1747 3324 1915 3361 sane
1954 3346 1969 3361 .
2008 3348 2022 3361 .
2061 3347 2076 3361 .
2113 3313 2396 3362 texere:
2447 3325 2557 3361 non
2605 3310 2750 3362 enim

473 3391 612 3445 dixit
647 3389 780 3446 ‘fieri
819 3391 1072 3447 iusserat'
1108 3401 1202 3446 ant
1237 3391 1507 3447 ‘miserat'.

682 3478 744 3533 19
816 3481 1080 3547 Interpol.
1125 3479 1278 3533 Serv.
1327 3484 1458 3534 Aen.
1502 3480 1561 3533 Π
1595 3479 1701 3533 683
1737 3481 2030 3533 Suetonius
2066 3481 2185 3548 (fr.
2233 3483 2336 3533 168
2366 3498 2424 3548 p.
2466 3483 2576 3534 268
2612 3482 2752 3549 Rff.)

473 3567 580 3618 tria
617 3581 825 3632 genera
861 3565 1151 3633 pilleorum
1192 3565 1349 3631 dixit,
1387 3569 1586 3635 quibus
1624 3565 1945 3620 sacerdotes
1981 3571 2228 3632 utuntur,
2268 3568 2478 3635 apicem
2517 3569 2750 3620 tutulum

472 3653 749 3716 galerum:
788 3652 886 3703 sed
924 3653 1130 3719 apicem
1170 3653 1400 3720 pilleum
1436 3654 1597 3705 sutile
1633 3654 1783 3707 circa
1819 3654 2055 3706 medinm
2083 3654 2239 3719 virga
2276 3653 2564 3719 eminente,
2601 3658 2751 3706 tutn-

472 3738 578 3789 lum
618 3738 844 3800 pilleum
897 3738 1141 3791 lanatum
1194 3747 1373 3791 metae
1422 3740 1630 3806 figura,
1679 3740 1931 3806 galerum
1984 3740 2210 3808 pilleum
2248 3755 2318 3791 ex
2355 3740 2500 3806 pelle
2537 3739 2752 3792 hostiae

472 3838 686 3876 caesae.
749 3822 945 3876 Isidor.
974 3823 1113 3891 orig.
1139 3824 1277 3877 XIX
1305 3824 1388 3888 30,
1413 3824 1447 3878 5
1471 3826 1722 3892 galerum
1759 3826 1983 3891 pilleum
2020 3842 2089 3878 ex
2125 3827 2274 3893 pelle
2310 3840 2505 3877 caesae
2542 3825 2751 3879 hostiae

472 3906 708 3974 factnm3
744 3908 972 3975 pilleum
1011 3912 1192 3962 autem
1226 3910 1436 3963 ‘dictum
1473 3927 1506 3963 a
1542 3912 1689 3978 pelle
1725 3911 1941 3963 hostiae
1977 3908 2123 3963 unde
2159 3909 2342 3964 flebat.

682 4103 696 4137 ¹
735 4098 944 4166 putant]
981 4101 1172 4153 uolunt
1209 4099 1443 4153 Ambros
1512 4099 1538 4136 ⁴
1573 4097 1743 4168 quae]
1784 4100 1878 4166 qui
1915 4098 1961 4146 Τ
1990 4097 2234 4166 secepita
2257 4099 2315 4150 F
2381 4100 2402 4135 ⁶
2437 4099 2751 4167 appellatur

474 4182 706 4237 Ambros
741 4185 781 4253 †
817 4187 896 4238 uti
934 4182 1165 4253 debere]
1203 4186 1322 4252 geri
1359 4195 1619 4253 oportere
1643 4185 1948 4238 Masvicius
1974 4199 2082 4252 qua
2107 4188 2262 4237 veste
2290 4224 2303 4237 .
2333 4224 2346 4238 .
2376 4184 2455 4237 uti
2481 4183 2750 4237 deberent

471 4272 595 4322 coni
630 4268 825 4335 Hayen
932 4272 954 4306 ⁸
989 4270 1193 4322 flamini
1230 4266 1289 4337 a]
1326 4271 1548 4323 flamina
1583 4271 1641 4322 F
1753 4271 1799 4307 ¹¹
1837 4269 1907 4321 Μ.
1946 4264 2244 4335 Varronis]
2281 4268 2358 4321 M.
2406 4269 2530 4321 Ter.
2583 4268 2750 4322 Varr.

472 4361 586 4407 ant.
621 4370 736 4408 rer.
771 4355 876 4408 div.
914 4356 1003 4409 zib.
1041 4355 1115 4407 II
1132 4357 1224 4423 fr.
1263 4359 1297 4407 4
1329 4374 1385 4424 p.
1429 4355 1651 4409 CXIII
1685 4355 1896 4408 Merkel
1985 4356 2029 4390 ¹2
2065 4351 2264 4421 solum]
2303 4357 2458 4408 solus*
2497 4355 2624 4407 edd,
2651 4364 2748 4409 vet.

474 4440 520 4477 ¹⁴
554 4441 686 4494 alba
721 4438 780 4493 id
817 4440 935 4493 fieri
975 4441 1123 4505 QZB
1139 4437 1273 4496 TYu
1310 4442 1498 4494 albato
1537 4442 1656 4493 fleri
1694 4441 1920 4495 XOIIN
1949 4440 2140 4493 albata
2178 4440 2292 4492 fleri
2332 4441 2751 4495 Freinshemius

472 4528 602 4582 alba
638 4526 759 4579 fieri
797 4525 993 4580 Carrio
