3407 5226
579 489 661 550 58

416 675 498 737 36
744 732 747 733 ⁷
785 677 1094 762 Interpol.
1171 677 1349 744 Serv,
1427 676 1590 742 Aen.
1669 675 1701 740 I
1782 676 1904 740 305
1981 676 2119 740 vult
2210 677 2547 743 ostendere
2633 678 2845 763 igitur,

577 782 900 848 flamini
949 788 1185 846 extra
1229 780 1582 846 medium
1629 782 2087 864 pomerium
2132 786 2319 865 post
2363 782 2567 846 solis
2615 804 2848 854 occa-

575 907 741 950 sum
792 885 1103 970 apicem
1151 905 1474 970 ponere
1522 905 1679 948 non
1724 885 2023 966 licere3
2069 885 2156 969 cf.
2186 886 2295 969 fr.
2345 887 2448 951 35.

415 1011 498 1074 37
788 1015 1098 1099 Interpol.
1145 1014 1324 1080 Serv.
1376 1017 1538 1078 Aen.
1588 1013 1685 1078 IV
1733 1017 1813 1078 29
1874 1037 2031 1079 sane
2097 1017 2494 1080 caerimoniis
2558 1025 2845 1081 veterum

506 1135 534 1177 5
577 1119 1101 1183 flaminieam
1166 1119 1331 1183 nisi
1395 1141 1637 1182 unum
1700 1121 1967 1182 virum
2032 1119 2354 1183 habere
2416 1121 2847 1185 nonlicet

643 1271 657 1285 .
705 1243 850 1286 nec
894 1223 1228 1286 flamini
1276 1222 1540 1286 aliam
1586 1222 1893 1287 ducere
1945 1224 2259 1287 licebat
2302 1246 2640 1288 uxorem
2684 1225 2847 1289 nisi

575 1333 766 1410 post
811 1333 1148 1390 mortem
1193 1325 1677 1391 flaminicae
1725 1327 2037 1409 uxoris3
2085 1328 2167 1411 cf.
2208 1328 2307 1408 fr.
2354 1327 2505 1393 24t.

413 1453 494 1513 38
785 1455 1094 1540 Interpol.
1130 1455 1310 1521 Serv,
1346 1456 1506 1520 Aen.
1558 1455 1655 1519 XI
1708 1458 1786 1519 76
1831 1478 1986 1521 sane
2032 1457 2154 1520 hoc
2196 1456 2453 1521 videtur
2498 1456 2845 1522 secundum

578 1560 986 1625 caerimonias
1055 1560 1381 1623 flaminum
1449 1560 1768 1624 subtiliter
1836 1560 2091 1625 dixisse.
2210 1560 2556 1627 flamini
2625 1562 2841 1627 enim

477 1676 533 1720 1o
577 1664 748 1727 nisi
840 1685 1090 1728 unum
1192 1670 1622 1728 mortuum
1715 1684 1876 1727 non
1965 1665 2184 1728 licet
2275 1670 2661 1749 tangere.
2754 1664 2840 1747 cf.

560 1767 669 1850 fr.
718 1767 879 1832 2422.

781 2055 851 2109 36
921 2055 1190 2122 Inter-pol.
1229 2055 1379 2108 Serv,
1419 2054 1554 2106 Aen.
1594 2054 1621 2104 I
1656 2054 1762 2109 305
1810 2060 1869 2107 at
1918 2054 2040 2122 pius
2077 2051 2315 2122 Aeneas]
2354 2055 2389 2115 †
2425 2055 2593 2107 filium
2632 2057 2845 2107 Aeneas

575 2157 853 2194 sacrorum
916 2141 1150 2193 omnium
1215 2140 1446 2193 docetur
1501 2139 1664 2206 (fidus
1720 2140 1935 2193 Aeneas
1990 2158 2266 2194 sacrorum
2328 2141 2562 2193 omnium
2621 2141 2846 2193 docetur

577 2229 754 2280 cultor
787 2230 910 2280 com·
944 2227 1013 2278 F.
1045 2227 1282 2293 Schoell;
1319 2223 1513 2294 ‘possis
1553 2233 1601 2277 et
1639 2226 2001 2292 peritissimus
2041 2228 2104 2279 A.
2144 2244 2185 2280 s.
2226 2245 2274 2279 ο.
2312 2227 2601 2278 inducitur'
2649 2226 2847 2291 Thilo),

577 2331 643 2366 ex
683 2314 837 2365 cuius
876 2328 1111 2379 persona
1148 2313 1382 2364 latenter
1421 2328 1561 2380 quae
1600 2311 1670 2362 ad
1710 2314 2069 2364 caerimonias
2107 2319 2320 2365 veteres
2366 2313 2642 2379 pertinent
2679 2328 2844 2377 saepe

577 2404 965 2452 monstrantur.
1037 2397 1125 2448 hic
1177 2414 1310 2465 ergo
1349 2397 1387 2464 †
1426 2398 1560 2450 deus
1610 2399 1781 2465 apicis
1832 2398 2110 2468 (fortasse
2158 2401 2226 2452 de
2277 2416 2376 2452 usu
2425 2399 2596 2467 apicis
2644 2398 2844 2464 agitur'

586 2486 779 2550 Thilo,
836 2485 963 2536 hinc
1016 2502 1149 2551 ergo
1202 2478 1367 2537 decus
1424 2485 1594 2551 apicis
1652 2489 1775 2538 com·
1821 2487 2121 2553 Wissowa,
2173 2487 2260 2538 De
2295 2487 2533 2538 Macrob.
2569 2493 2670 2539 sat.
2696 2485 2844 2550 font.

567 2589 626 2641 p.
662 2571 772 2639 58),
812 2571 958 2641 quod
998 2571 1211 2636 insigne
1249 2569 1520 2623 flaminum
1562 2572 1698 2637 fuit,
1752 2570 1820 2625 de
1872 2588 1979 2639 quo
2032 2573 2155 2625 loco
2204 2588 2302 2624 suo
2352 2572 2403 2623 in
2458 2576 2650 2640 quarto
2703 2572 2846 2624 libro

575 2659 624 2722 (ἓ
661 2660 716 2711 in
754 2661 813 2712 II
850 2664 903 2711 et
939 2658 993 2710 X
1031 2657 1174 2709 libro
1212 2658 1543 2725 Masvicius,
1591 2660 1667 2727 cf.
1708 2660 1779 2711 ad
1817 2661 1949 2712 Aen.
1990 2659 2067 2710 II
2102 2663 2209 2711 683
2244 2667 2293 2711 et
2331 2660 2392 2711 X
2420 2662 2560 2724 2703
2616 2659 2671 2709 in
2710 2658 2845 2710 VIII

574 2746 645 2798 F.
684 2747 905 2811 Schoell,
940 2746 1014 2811 cf.
1053 2746 1126 2796 ad
1162 2746 1295 2796 Aen.
1348 2743 1516 2795 VIII
1552 2744 1673 2810 664)
1714 2745 1914 2799 dictum
1955 2752 2052 2799 est.
2116 2748 2268 2798 vult
2307 2783 2322 2797 .
2358 2786 2369 2796 .
2407 2785 2420 2798 .
2459 2746 2706 2797 licere.

783 2857 849 2911 37
922 2858 1189 2924 Interpol.
1227 2859 1378 2909 Serv.
1419 2861 1553 2910 Aen.
1593 2858 1669 2909 IV
1708 2857 1776 2912 29
1813 2875 1981 2910 sane
2019 2859 2489 2910 caerimoniis
2528 2863 2845 2909 veterum

576 2945 633 2996 fl
651 2963 682 2996 a
700 2946 831 2996 min
851 2945 1022 2996 icam
1051 2983 1063 2995 .
1091 2982 1104 2994 .
1134 2983 1148 2996 .
1177 2945 1268 2995 lic
1286 2951 1368 3009 et,
1395 2944 1540 3012 quod
1563 2945 1647 2995 hic
1669 2961 1737 2995 ex
1757 2960 1993 3010 persona
2011 2944 2242 2996 Didonis
2260 2944 2591 3011 exsequitur,
2612 2942 2847 2995 dolentis

572 3037 813 3098 stuprum
859 3029 1056 3094 (ueluti
1109 3034 1354 3097 stuprum
1402 3030 1465 3095 T)
1515 3030 1805 3081 admissum
1856 3030 1910 3082 in
1956 3046 2139 3082 amore
2178 3031 2429 3094 Aeneae,
2484 3030 2632 3098 quod
2682 3045 2846 3096 supra

572 3117 731 3169 dictis
780 3117 1034 3169 versibus
1082 3116 1344 3183 probavit
1392 3114 1503 3168 ‘ille
1554 3132 1701 3168 meos
1753 3116 1974 3182 primus'
2030 3123 2084 3167 et
2123 3117 2350 3184 reliqua.
2425 3131 2525 3167 nec
2562 3114 2847 3167 flamini

624 3243 637 3255 .
677 3202 1006 3254 .'uxoris:
1061 3204 1204 3269 quod
1258 3203 1572 3269 expeditur,
1630 3204 1762 3269 quia
1817 3207 1940 3268 post
1995 3207 2220 3253 mortem
2275 3200 2505 3253 Didonis
2558 3202 2843 3253 Laviniam

574 3288 722 3340 duxit
762 3293 819 3339 et
857 3287 1003 3353 quod
1043 3289 1311 3355 subrepta
1348 3289 1436 3339 vel
1474 3292 1692 3340 retenta
1716 3287 1920 3340 Creusa
1947 3303 2012 3338 ex
2040 3287 2209 3353 ipsius
2247 3304 2464 3354 quoque
2500 3287 2844 3340 confessione

573 3380 628 3426 et
678 3372 1091 3438 praedicatione
1145 3372 1546 3439 (praedictione
1585 3374 1846 3438 Ambrae,
1893 3374 1969 3439 cf.
2017 3374 2142 3425 adn.
2191 3376 2310 3426 crit.
2371 3370 2641 3436 Thilonis)
2691 3373 2848 3438 regia

572 3468 764 3527 parata
801 3459 995 3511 fuerit:
1035 3475 1143 3527 quo
1182 3460 1387 3512 nullum
1428 3461 1699 3526 piaculum
1742 3462 1862 3511 fore
1900 3458 2270 3511 denuntiatur.

779 3571 849 3625 38
920 3570 1360 3638 Interpol.Serv.
1391 3574 1528 3623 Aen.
1570 3573 1651 3623 XI
1688 3571 1757 3623 76
1793 3587 1979 3624 sane
2019 3572 2168 3629 ‚hoc
2206 3608 2221 3622 .
2260 3610 2273 3622 .
2312 3609 2324 3622 .
2364 3573 2710 3637 tangere,
2748 3570 2843 3624 sed

577 3663 790 3711 Aeneas
829 3659 1094 3726 plurimos
1134 3664 1329 3724 postea
1368 3657 1586 3710 occidit.
1660 3659 1755 3711 sed
1794 3657 1944 3711 aliud
1982 3665 2065 3711 est
2105 3660 2161 3710 in
2200 3658 2344 3710 bello
2384 3656 2653 3722 occidere,
2698 3658 2846 3711 aliud

574 3749 842 3797 mortuum
883 3751 1132 3812 tangere.
1206 3744 1486 3796 sciendum
1525 3751 1609 3797 est
1651 3751 1853 3811 tamen,
1894 3750 2114 3797 Aeneae
2151 3761 2309 3798 omne
2345 3761 2518 3810 genus
2555 3745 2847 3798 sacerdotii

578 3832 760 3883 tribui.

781 4072 802 4107 ⁴
840 4085 952 4135 sqq.
991 4067 1338 4119 caerimoniis
1378 4104 1391 4118 .
1417 4107 1430 4119 .
1458 4105 1470 4118 .
1512 4066 1696 4119 uxoris
1722 4083 1765 4119 e.
1789 4085 1837 4133 q.
1865 4083 1909 4118 s.
1934 4070 1996 4119 ‘in
2020 4082 2125 4132 my.
2162 4066 2211 4117 T
2297 4068 2317 4101 ⁵
2358 4083 2468 4118 non
2510 4066 2704 4119 licebat
2742 4068 2845 4119 nisi

678 4189 690 4201 .
745 4154 952 4205 habere
1015 4153 1064 4205 T
1200 4154 1221 4188 Β
1273 4170 1352 4221 sq.
1407 4154 1699 4205 secundum
1759 4153 2088 4205 cerimonias
2140 4152 2413 4205 flaminum
2471 4153 2685 4206 uidetur
2739 4155 2843 4205 hoc

573 4238 780 4292 dixisse
833 4279 845 4291 .
883 4279 897 4292 .
935 4279 948 4291 .
1007 4243 1239 4306 tangere
1301 4246 1355 4292 et
1410 4255 1567 4291 omne
1628 4255 1802 4305 genus
1862 4238 2157 4292 sacerdotii
2219 4240 2477 4292 tribuitur
2537 4255 2742 4292 aeneae
2802 4239 2851 4290 T

579 4327 623 4361 ¹⁰
658 4343 821 4380 unum
861 4330 1155 4387 mortuum]
1194 4343 1416 4379 uxorem
1452 4329 1724 4378 mortuam
1762 4327 2101 4380 scribendum
2129 4343 2243 4380 esse
2269 4330 2583 4394 suspicatur
2613 4327 2849 4392 Reiffer-

573 4415 755 4466 scheid
846 4429 951 4465 non
993 4413 1096 4465 nisi
1145 4412 1192 4463 T
1283 4430 1393 4465 non
1432 4411 1588 4477 licet]
1629 4429 1736 4463 non
1776 4429 1859 4465 om
1907 4414 1955 4465 T
