3407 5226
601 466 684 533 30

595 666 704 750 (fr.
739 666 820 728 66
851 662 891 729 b
936 672 1001 730 et
1046 665 1154 743 69)
1207 660 1516 750 prolatam
1560 657 1893 728 tradidisse
1939 667 2110 749 puto.
2202 662 2376 739 cuius
2422 661 2683 751 quidem
2727 687 2864 734 sen-

502 827 507 831 .
593 772 830 836 tentiae
895 769 1200 834 Ottonem
1259 790 1507 853 quoque
1570 768 1930 832 Gilbertum
1992 767 2403 850 (Geschichte
2470 774 2600 837 und
2665 775 2865 858 Topo-

592 874 859 958 graphie
918 873 1031 937 der
1095 871 1280 936 Stadt
1324 872 1494 936 Rom
1558 872 1646 934 im
1689 871 2060 935 Alterthum
2092 873 2161 935 II
2204 895 2268 957 p.
2312 877 2427 937 112
2458 897 2548 960 sq.
2598 879 2744 944 adn.
2793 880 2864 962 3)

591 977 776 1042 video
839 997 1011 1056 esse,
1075 996 1217 1039 cum
1280 997 1406 1059 quo
1472 976 1792 1038 consentio
1854 976 2065 1058 legem
2127 997 2301 1056 eam,
2363 999 2488 1062 qua
2547 982 2863 1064 virginum

587 1079 946 1145 Vestalium
1025 1081 1162 1142 iura
1225 1080 1621 1154 sanciantur,
1682 1101 1752 1142 re
1805 1100 1959 1143 vera
2018 1078 2098 1142 ad
2147 1082 2350 1164 'primi
2413 1084 2507 1146 rei
2568 1085 2859 1168 publicae

589 1185 829 1248 liberae
875 1184 1025 1247 anni
1070 1183 1389 1246 consulem
1437 1181 1779 1244 Horatium
1842 1203 2023 1265 posse
2092 1182 2319 1248 redire.
2411 1193 2663 1269 praeter
2708 1189 2865 1253 haec

498 1330 503 1335 ·
589 1288 982 1370 fragmenta,
1043 1306 1205 1369 quae
1264 1284 1347 1348 ad
1414 1284 1750 1348 sacerdotii
1797 1285 1936 1347 iura
1983 1286 2045 1348 in
2092 1286 2269 1349 libris
2314 1287 2393 1350 de
2438 1290 2865 1358 sacerdotibus

587 1391 886 1454 nimirum
933 1389 1249 1472 descripta
1295 1387 1676 1469 referuntur,
1722 1387 1802 1451 de
1847 1390 2263 1470 caerimoniis,
2311 1392 2535 1474 quibus
2583 1396 2861 1477 virgines

588 1493 885 1557 Vestales
920 1492 1323 1571 tenebantur,
1356 1490 1699 1554 admodum
1729 1511 1933 1575 pauca
1963 1492 2379 1574 innotescunt,
2427 1495 2623 1559 veluti
2675 1498 2751 1564 fr.
2780 1503 2862 1563 70

586 1597 889 1680 capillum
942 1594 1297 1658 Vestalium
1367 1593 1447 1657 ad
1515 1594 1887 1678 capillatum
1953 1594 2058 1657 vel
2126 1595 2495 1678 capillarem
2568 1601 2859 1666 arborem

585 1699 819 1763 deferri
863 1705 927 1762 et
980 1699 1044 1761 in
1090 1719 1166 1761 ea
1211 1696 1513 1780 suspendi
1560 1704 1858 1781 oportere
1888 1699 2291 1782 praecipitur,
2337 1707 2403 1763 et
2434 1701 2510 1766 fr.
2546 1706 2647 1783 71,
2692 1707 2860 1788 quod

585 1825 727 1868 cum
761 1804 836 1867 fr.
870 1805 953 1865 24
985 1802 1029 1865 h
1059 1807 1411 1885 opportune
1453 1802 1817 1878 contuleris,
1864 1803 2163 1882 sancitur,
2210 1803 2263 1865 si
2301 1805 2441 1887 quis
2472 1805 2553 1868 ad
2587 1816 2859 1873 mortem

528 1937 533 1941 ·
583 1908 852 1971 ducatur
896 1914 962 1971 et
1004 1905 1232 1988 virgini
1265 1904 1514 1968 Vestali
1544 1905 1797 1968 obviam
1842 1905 2049 1969 factus
2093 1907 2191 1987 sit,
2232 1928 2378 1970 eum
2424 1912 2636 1973 necari
2680 1913 2859 1977 nefas

583 2032 750 2075 esse:
799 2012 850 2075 si
896 2011 1031 2094 quis
1074 2031 1226 2073 vero
1271 2010 1617 2092 feretrum,
1674 2029 1798 2092 quo
1842 2010 1908 2072 in
1953 2030 2247 2093 campum
2294 2011 2671 2077 sceleratum
2714 2037 2858 2099 por-

580 2119 828 2195 tentur,
889 2113 1187 2195 subierit,
1247 2134 1393 2176 eum
1457 2117 1661 2177 morte
1724 2113 1981 2175 multari
2018 2113 2115 2175 fas
2174 2135 2315 2177 esse
2342 2115 2381 2179 ¹.
2443 2115 2524 2179 de
2582 2122 2857 2202 corporis

580 2215 942 2281 Vestalium
987 2216 1209 2280 habitu
1255 2217 1320 2279 in
1365 2215 1545 2279 libris
1592 2215 1671 2279 de
1718 2215 2148 2279 sacerdotibus
2196 2218 2530 2300 pontificiis
2563 2228 2854 2286 accurate

579 2321 853 2384 relatum
915 2320 1114 2383 fuisse
1175 2318 1615 2382 demonstrant
1680 2319 1757 2382 fr.
1806 2321 1905 2383 72.
1956 2322 2053 2382 74.
2104 2323 2222 2401 75,
2291 2320 2369 2384 de
2432 2324 2854 2390 sanctitudine

579 2423 803 2487 domus
861 2422 1143 2508 Appian.
1191 2423 1250 2486 b.
1296 2443 1349 2485 c.
1395 2421 1429 2484 I
1478 2424 1559 2484 54
1607 2420 1715 2502 (fr.
1765 2425 1871 2501 76)
1935 2428 1999 2486 et
2058 2422 2321 2508 Dionys.
2381 2425 2592 2489 Halic.
2640 2426 2709 2489 II
2768 2431 2847 2491 67

578 2527 684 2606 (fr.
728 2526 837 2608 77)
884 2527 974 2590 ita
1017 2531 1317 2607 narrant,
1363 2531 1434 2588 ut
1479 2526 1639 2588 sacri
1684 2526 2008 2608 praecepti
2053 2527 2439 2589 mentionem
2485 2527 2621 2591 fieri
2666 2529 2853 2595 facile

579 2631 837 2695 credas:
885 2630 1102 2694 addito
1146 2630 1514 2713 pontificum
1546 2629 1798 2694 nomine
1828 2630 1981 2692 iuris
2011 2630 2174 2692 sacri
2204 2630 2559 2694 cautionem
2589 2635 2853 2716 protulit

576 2733 821 2797 Plinius
866 2734 1051 2817 epist.
1097 2731 1233 2797 VII
1282 2735 1382 2813 19,
1433 2734 1463 2795 1
1515 2754 1606 2816 sq.
1654 2730 1765 2814 (fr.
1816 2732 1944 2811 78).
2034 2732 2304 2816 denique
2358 2742 2851 2800 consentaneum

577 2858 712 2901 esse
758 2842 910 2920 puto
954 2837 1019 2899 in
1065 2836 1276 2916 libris,
1336 2835 1445 2919 qui
1504 2835 1583 2899 de
1642 2835 2074 2899 sacerdotibus
2132 2841 2348 2913 erant,
2410 2859 2486 2900 ea
2545 2859 2705 2922 quae
2766 2840 2849 2903 ad

576 2939 919 3022 religiones
961 2939 1127 3022 ignis
1161 2938 1395 3002 Vestae
1441 2939 1872 3002 interstinctae
1918 2944 1983 3002 et
2027 2939 2298 3002 incestus
2342 2940 2661 3023 virginum
2704 2964 2849 3026 per-

575 3044 851 3107 tinerent
917 3042 1267 3127 perscripta
1334 3042 1565 3117 fuisse,
1629 3049 1702 3104 ut
1770 3062 1854 3105 ex
1918 3041 2103 3107 Paul.
2163 3063 2225 3125 p.
2277 3045 2398 3106 106
2467 3064 2515 3105 s.
2559 3065 2620 3108 v.
2667 3041 2847 3128 ‘ignis

574 3142 850 3227 Vestae’,
894 3145 1220 3208 Plutarch.
1265 3144 1456 3209 Num.
1506 3148 1563 3209 9.
1616 3148 1741 3227 10.,
1799 3145 1969 3210 Fest.
2027 3167 2090 3229 p.
2141 3148 2258 3209 241
2313 3169 2365 3211 s.
2412 3167 2468 3209 v.
2518 3144 2849 3230 ‘probrum'

574 3250 760 3313 huius
808 3269 1026 3312 eorum
1073 3249 1272 3331 partis
1321 3249 1665 3332 imaginem
1710 3250 1936 3332 refingi
1968 3270 2147 3333 posse
2179 3251 2557 3314 existimem.
2620 3272 2849 3335 nempe

574 3374 682 3432 ea,
743 3372 907 3435 quae
964 3351 1348 3415 Plutarchus
1408 3353 1474 3415 in
1533 3374 1671 3437 cap.
1720 3356 1758 3416 9
1806 3359 1869 3417 et
1919 3355 1999 3416 10
2057 3359 2306 3432 narrat,
2368 3353 2563 3417 dubio
2623 3355 2847 3437 procul

571 3455 875 3519 Varronis
916 3454 1043 3518 fide
1090 3455 1424 3537 nituntur2,
1474 3458 1584 3539 qui
1627 3458 1692 3519 in
1738 3458 2190 3540 antiquitatum
2232 3476 2444 3519 rerum
2490 3455 2845 3520 divinarum

778 3650 796 3683 ¹
833 3648 1005 3700 Verba
1041 3645 1068 3698 ὅ
1108 3648 1164 3699 δὲ
1202 3644 1439 3698 ainsi-adv
1474 3651 1805 3715 κομιζομίνων
1851 3644 1954 3699 ’ὖπὸ
2011 3644 2069 3697 τό
2120 3654 2319 3712 φορεῖον
2356 3644 2665 3710 ἆποθνήσκει
2700 3645 2847 3697 Mar-

571 3734 805 3803 quardt,
854 3734 1074 3786 Enchir.
1114 3732 1230 3785 VI2
1267 3750 1321 3799 p.
1358 3731 1453 3784 341
1515 3733 1594 3784 ita
1647 3733 1951 3797 intellexit,
2007 3735 2067 3784 ut
2120 3731 2247 3783 inde
2302 3731 2671 3798 colligendum
2726 3747 2847 3783 esse

569 3825 820 3873 censeret
855 3817 970 3872 ‘auf
1000 3820 1121 3872 ihre
1159 3818 1529 3886 Beleidigung
1567 3819 1729 3871 stand
1767 3820 1864 3870 der
1892 3816 2042 3869 Tod'.
2099 3817 2198 3869 sed
2235 3818 2360 3870 vide
2399 3834 2469 3869 an
2505 3817 2846 3884 probabilius

568 3908 639 3959 sit
690 3922 916 3958 censere
964 3906 1209 3971 virgines
1247 3905 1506 3956 Vestales
1555 3904 1891 3971 prodeuntes
1943 3905 2306 3956 sanctimonia
2358 3921 2457 3956 sua
2493 3903 2711 3954 nocenti
2746 3920 2846 3969 per

565 4009 752 4045 casum
788 3993 1005 4044 obviam
1042 3992 1190 4043 facto
1228 3992 1461 4043 salutem
1499 3990 1652 4056 dare,
1690 3992 1737 4041 si
1774 3994 2004 4057 propter
2038 3992 2306 4042 incestum
2331 3989 2524 4040 mortis
2552 3988 2844 4040 damnatae

566 4079 638 4131 ad
663 4095 915 4145 campum
940 4080 1266 4130 sceleratum
1296 4079 1547 4130 ferantur
1572 4094 1714 4143 eum,
1752 4078 1845 4144 qui
1873 4078 2090 4130 incaute
2118 4078 2383 4128 feretrum
2410 4075 2656 4139 subierit,
2692 4075 2845 4141 ipsas

564 4163 721 4230 quasi
759 4178 943 4215 secum
981 4163 1052 4243 ad
1090 4162 1418 4229 supplicium
1458 4164 1700 4214 trahere.

772 4249 794 4284 2
834 4266 955 4300 cum
1005 4248 1338 4300 Plutarchus
1393 4248 1550 4299 Num.
1588 4247 1622 4299 9
1660 4247 1729 4299 de
1768 4247 1974 4298 Vestae
2030 4246 2176 4313 ignis
2234 4244 2513 4296 exstinctu
2567 4245 2845 4299 disserens

562 4335 767 4387 similes
828 4335 1165 4387 Graecorum
1223 4334 1433 4401 ignium
1493 4349 1778 4386 sacrorum
1840 4332 2088 4384 defectus
2146 4335 2429 4383 enumeret
2479 4336 2537 4382 et
2585 4349 2845 4399 graecum

562 4421 708 4488 ignis
744 4421 1047 4473 renovandi
1082 4421 1248 4471 ritum
1285 4419 1498 4486 afferat,
1540 4421 1645 4471 hac
1682 4420 1807 4486 ipsa
1859 4436 1920 4471 re
1958 4419 2129 4470 Iubae
2166 4417 2481 4485 ὁμοιοτήτων
2517 4434 2646 4470 usus
2683 4418 2844 4485 prodi

563 4507 795 4559 videtur.
