3407 5226
2736 505 2814 573 19

546 713 776 763 nomen
835 689 1253 780 neglegentia
1312 690 1715 760 librariorum
1776 691 2063 760 vitiatum
2125 717 2187 784 p.
2238 697 2358 763 277
2409 725 2457 767 s.
2508 725 2567 767 v.
2615 688 2815 767 ‘ricae'

543 805 651 888 (fr.
699 806 782 867 46
830 801 1221 882 1))’Πιέἰηιιε
1268 799 1579 877 restituit,
1628 801 1799 864 unde
1843 821 1906 884 p.
1956 804 2080 865 289
2127 805 2268 866 rica
2327 812 2415 869 est
2466 806 2816 888 [vestimen-

541 914 672 971 tum
718 901 1139 991 quadratum]
1162 902 1569 984 fimbriatum
1609 902 2064 986 pur[pureum,
2112 929 2231 991 quo
2258 911 2634 993 flaminicae
2654 914 2817 997 pro]

538 1012 800 1094 palliolo
830 1011 1094 1072 mitrave
1121 1006 1510 1088 [wemmam
1557 1012 1626 1068 ut
1674 1006 2083 1090 Granius]
2126 1013 2443 1077 ewistimat
2475 1016 2814 1098 legendum

543 1136 682 1179 esse
738 1117 1001 1198 propter
1061 1132 1272 1175 rerum
1336 1131 1652 1175 conexum
1720 1111 1887 1174 baud
1956 1112 2243 1197 improbe
2312 1120 2617 1202 suspicari
2664 1122 2816 1185 mihi

540 1219 777 1282 videor.
866 1217 1034 1279 hunc
1083 1215 1389 1278 Granium
1438 1216 2004 1283 verisimillimum
2052 1239 2280 1282 censeo
2325 1242 2465 1284 esse
2511 1223 2813 1288 Flaccum
2885 1216 2889 1220 Δ

540 1324 717 1386 illum
774 1321 897 1385 Iuli
956 1319 1244 1383 Caesaris
1310 1319 1681 1401 aequalem,
1744 1319 1850 1401 qui
1913 1319 1992 1383 de
2049 1321 2546 1404 indigitamentis
2606 1335 2671 1390 et
2732 1330 2813 1393 de

539 1428 676 1489 iure
712 1423 1090 1509 ⁹Papiriano
1163 1423 1357 1484 libros
1425 1422 1772 1486 condidit1.
1866 1443 2074 1507 neque
2144 1432 2355 1490 tamen
2424 1429 2483 1490 id
2553 1451 2815 1513 possum

541 1527 923 1594 Huschki02
966 1525 1200 1608 largiri,
1234 1525 1540 1588 Granium
1589 1524 1667 1587 de
1720 1527 2174 1591 flaminicarum
2220 1530 2365 1593 ricis
2411 1533 2472 1595 in
2520 1535 2814 1620 indigita-

540 1639 894 1697 mentorum
952 1630 1422 1693 commentariis
1481 1630 1899 1713 exposuisse:
1959 1631 2151 1695 immo
2213 1633 2379 1698 haud
2440 1638 2669 1702 mirum
2717 1650 2815 1706 est

543 1736 840 1813 eundem,
886 1734 994 1818 qui
1040 1732 1469 1796 vetustissima
1509 1731 1881 1815 pontificum
1913 1744 2328 1799 monumenta
2359 1739 2815 1824 interpretatus

541 1842 642 1921 sit,
674 1840 943 1902 flaminis
968 1835 1169 1900 Dialis
1200 1836 1680 1919 flaminicaeque
1716 1839 2127 1902 caerimonias
2160 1849 2446 1908 remotae
2481 1851 2814 1911 vetustatis

542 1943 818 2026 speciem
888 1959 1038 2022 prae
1109 1960 1178 2002 se
1247 1938 1528 2002 ferentes
1596 1946 1932 2004 tractasse.
2038 1942 2313 2027 denique
2377 1967 2435 2029 p.
2486 1950 2610 2012 348
2658 1971 2705 2015 S.
2755 1971 2813 2014 v.

541 2044 941 2129 ‘secespitam’
974 2043 1079 2125 (fr.
1113 2041 1227 2125 51)
1247 2043 1515 2106 Verrius
1546 2044 1891 2107 Antistium
1924 2044 2296 2111 Labeonem
2329 2053 2676 2135 exscripsit,
2709 2055 2814 2137 qui
2904 2044 2909 2048 ⁴

540 2151 601 2214 in
633 2150 807 2212 libris
842 2149 920 2211 de
952 2149 1091 2211 iure
1120 2146 1445 2231 pontificio
1476 2146 1598 2208 ista
1645 2147 1726 2210 de
1775 2149 2025 2212 ratione
2070 2153 2425 2235 secespitae
2474 2157 2814 2239 protulisse

542 2252 850 2318 videtur3.
942 2251 1208 2315 Verrius
1271 2251 1467 2334 igitur
1527 2250 1713 2315 huius
1776 2254 2030 2333 generis
2081 2255 2331 2337 glossas
2378 2278 2504 2320 non
2555 2283 2635 2323 ex
2685 2284 2811 2326 uno

538 2358 712 2423 fonte
756 2358 1001 2437 hausit,
1062 2353 1175 2418 sed
1223 2376 1257 2418 e
1305 2353 1724 2436 complurium
1771 2357 2148 2439 scriptorum
2196 2358 2410 2442 libris,
2471 2362 2534 2424 in
2582 2365 2812 2448 quibus

539 2462 856 2526 subtiliter
903 2460 981 2523 de
1028 2457 1296 2520 flaminis
1344 2463 1408 2519 et
1455 2458 1811 2522 flaminicae
1876 2463 2272 2525 caerimoniis
2338 2465 2608 2529 relatum
2657 2475 2810 2550 erat,

542 2565 864 2649 congessit
885 2564 930 2647 ⁴,
977 2563 1140 2626 inter
1172 2582 1332 2646 quos
1359 2561 1670 2625 Varronis
1702 2563 2152 2647 antiquitatum
2200 2588 2408 2654 rerum
2457 2570 2808 2637 divinarum

541 2671 735 2734 libros
795 2668 990 2731 fuisse
1056 2665 1404 2729 admodum
1475 2667 1822 2731 verisimile
1868 2675 1993 2748 est,
2057 2673 2344 2753 quamvis
2391 2674 2618 2739 Festus
2664 2699 2811 2742 nus-

539 2797 730 2860 quam
778 2794 889 2836 eos
933 2775 1258 2853 nuncupet
1278 2769 1324 2833 5.
1378 2790 1585 2853 neque
1631 2771 1981 2853 quidquam
2028 2773 2349 2840 lucramur
2397 2801 2478 2841 ex
2523 2782 2811 2846 similitu-

539 2881 721 2960 dine,
788 2898 976 2960 quam
1022 2876 1187 2937 inter
1234 2874 1417 2938 Paul.
1464 2894 1528 2957 p.
1581 2877 1658 2936 10
1705 2897 1755 2938 s.
1802 2896 1857 2938 v,
1906 2874 2342 2961 ‘albogalerus’
2388 2889 2452 2946 et
2500 2884 2809 2950 Varronis

538 2983 708 3067 apud
768 2980 933 3043 Gell.
984 3001 1045 3043 n.
1093 3000 1151 3041 a.
1199 2976 1264 3040 X
1316 2979 1426 3056 15,
1487 2979 1570 3039 32
1617 2979 2051 3071 testimonium
2101 2982 2206 3058 (fr.
2265 2984 2367 3062 19)
2415 2988 2810 3055 intercedere

541 3084 780 3170 supra⁶
826 3081 1276 3146 animadverti:
1323 3086 1659 3163 utrumque
1710 3082 1873 3144 enim
1922 3085 2145 3148 eodem
2190 3088 2303 3150 niti
2340 3099 2603 3155 auctore
2632 3093 2805 3157 haud

540 3190 744 3251 minus
789 3187 975 3249 facile
1023 3194 1121 3247 est
1168 3184 1473 3266 suspicari
1539 3206 1727 3267 quam
1794 3187 2066 3250 alterum
2130 3191 2389 3254 alterius
2454 3195 2649 3258 libros
2699 3220 2808 3261 ex·

534 3347 571 3355 .—

749 3432 763 3465 ¹
803 3427 1086 3479 Censorin.
1124 3425 1191 3476 de
1230 3424 1278 3475 d.
1316 3443 1369 3477 n.
1406 3425 1457 3491 3,
1493 3424 1541 3477 2.
1616 3427 1772 3480 Paul.
1813 3428 1939 3496 Dig.
1978 3429 2023 3481 L
2065 3431 2144 3498 16,
2188 3433 2313 3500 1443
2352 3437 2418 3487 cf.
2460 3437 2671 3489 Teuffel
2708 3440 2742 3490 l.
2769 3441 2805 3491 l.

539 3518 568 3583 §
612 3516 731 3582 199,
762 3515 811 3566 7.
881 3512 1144 3564 Huschke
1182 3513 1217 3562 l.
1255 3512 1292 3563 1.
1327 3529 1381 3579 p.
1427 3512 1520 3564 107
1559 3529 1676 3579 sqq.
1718 3530 1840 3565 eum
1875 3531 1998 3566 esse
2035 3515 2378 3570 Licinianum
2415 3522 2597 3588 illum,
2654 3526 2807 3577 cuius

535 3603 804 3657 historiae
863 3616 1123 3652 romanae
1175 3600 1489 3666 fragmenta
1540 3601 1749 3666 aliquot
1800 3606 1927 3653 ante
1979 3620 2150 3655 annos
2200 3610 2425 3672 reperta
2479 3614 2632 3674 sunt,
2687 3627 2808 3662 cum

534 3689 822 3743 Huschkio
858 3688 894 3737 l.
932 3687 967 3738 l.
1006 3704 1058 3753 p.
1103 3687 1196 3738 107
1235 3686 1359 3738 adn.
1395 3686 1444 3752 2,
1484 3686 1546 3737 G.
1574 3688 1865 3754 Wissowa,
1903 3689 1986 3741 De
2024 3692 2291 3743 Macrobii
2330 3692 2601 3746 Saturnal.
2642 3696 2807 3747 fonti-

533 3779 634 3830 bus
673 3777 860 3843 capita
896 3774 982 3824 III
1018 3773 1270 3836 (Vratisl.
1315 3773 1467 3837 1880)
1504 3790 1557 3840 p.
1596 3773 1662 3825 28
1701 3775 1826 3826 adn.
1869 3780 1914 3840 1,
1953 3777 2074 3828 aliis
2113 3780 2411 3830 consentio.

739 3881 759 3912 ²
795 3880 830 3929 l.
870 3878 905 3928 l.
944 3895 995 3944 p.
1042 3875 1136 3929 109
1172 3877 1233 3927 n.‘
1265 3877 1311 3927 7.

740 3983 760 4015 ⁸
796 3981 867 4033 cf.
906 3981 1169 4032 Huschke
1205 3980 1242 4031 l.
1280 3981 1316 4030 l.
1356 3997 1410 4047 p.
1454 3981 1546 4032 111
1588 3999 1640 4032 n.
1687 3983 1762 4032 ΙΙ.

739 4088 761 4120 ⁴
797 4085 854 4136 id
888 4102 943 4152 p.
981 4084 1084 4136 355
1121 4100 1161 4135 s.
1201 4102 1250 4136 v.
1293 4082 1558 4136 ‘tutulum‘
1597 4085 1687 4148 (fr.
1727 4085 1818 4151 22)
1856 4104 2072 4155 quoque
2109 4094 2361 4156 apparet,
2398 4092 2490 4143 ubi
2528 4097 2812 4145 auctorum

539 4175 758 4225 nomina
806 4173 1003 4226 Festus
1059 4187 1166 4221 non
1222 4171 1544 4238 adscripsit:
1600 4174 1829 4226 tutulum
1882 4179 2070 4226 vocari
2120 4180 2350 4228 aiunt
2396 4180 2811 4243 flaminicarum

534 4262 731 4323 capitis·
765 4264 1141 4310 ornamentum
1181 4298 1191 4308 .
1231 4296 1242 4307 .
1282 4259 1618 4323 quidam,
1651 4260 1857 4321 pileum
1895 4261 2145 4311 lanalum
2184 4278 2231 4312 e.
2271 4280 2321 4329 q.
2362 4280 2403 4315 s.
2446 4282 2496 4330 p.
2535 4265 2640 4318 249
2678 4282 2719 4317 s,
2760 4285 2810 4318 v.

532 4341 820 4411 ‹praeciae’
857 4343 945 4405 (fr.
985 4344 1074 4401 31)
1114 4345 1354 4396 auctoris
1411 4344 1830 4411 significationis
1868 4363 1970 4398 nec
2008 4348 2134 4399 vola
2171 4365 2272 4400 nec
2311 4352 2604 4418 vestigium
2644 4355 2813 4403 extat.

743 4448 762 4480 ⁵
799 4446 868 4497 cf.
905 4447 1159 4498 Muelleri
1195 4448 1360 4499 index
1396 4447 1454 4499 II
1493 4449 1822 4516 scriptorum
1859 4466 1911 4516 p.
1950 4450 2054 4503 443
2089 4467 2133 4502 ε.
2173 4470 2223 4503 v.
2260 4452 2331 4503 M.
2371 4454 2566 4506 Varro.

738 4548 760 4583 ὃ
795 4566 849 4616 p.
891 4548 972 4601 16.

2549 4642 2613 4696 2*
