3407 5226
2749 467 2788 540 9'

518 669 850 736 Vestalem
906 672 1197 756 capiebat
1254 673 1609 751 attulisset,
1670 671 1736 733 in
1795 671 2136 754 propatulo
2203 674 2301 733 est
2365 690 2510 732 eum
2568 669 2634 733 in
2680 671 2791 734 illo

520 777 680 840 libro
726 775 806 839 de
851 775 1205 858 virginibus
1234 774 1605 839 Vestalibus
1652 773 2032 856 disputasse.
2122 773 2296 836 cuius
2344 772 2789 856 disputationis

520 878 765 941 fontem
797 878 1225 941 necessarium
1263 885 1360 941 est
1405 876 1676 940 eundem
1722 897 1836 940 nos
1882 876 2187 959 suspicari
2230 881 2418 958 atque
2463 875 2663 955 illum,
2708 896 2793 939 ex

520 1002 644 1065 quo
690 981 767 1044 de
813 982 1067 1045 flamine
1111 1002 1185 1043 ac
1230 981 1545 1044 flaminica
1608 981 1783 1063 leges
1844 1000 2057 1043 sacras
2114 978 2359 1060 hausit,
2420 980 2474 1042 si
2534 979 2792 1063 quidem

519 1083 825 1162 Fabium,
891 1105 1078 1168 quem
1147 1084 1595 1166 gravissimum
1663 1084 1816 1146 iuris
1877 1083 2185 1167 pontificii
2261 1089 2584 1147 auctorem
2652 1104 2793 1147 esse

519 1208 710 1271 supra
755 1188 1126 1269 significavi,
1174 1192 1667 1250 consentaneum
1716 1193 1813 1250 est
1844 1187 1922 1249 de
1945 1184 2319 1249 Vestalibus
2365 1187 2791 1270 explicantem

520 1313 558 1354 a
602 1290 967 1375 pontificum
1031 1291 1209 1354 libris
1271 1313 1397 1355 non
1456 1291 1812 1353 recessisse.
1899 1289 2028 1351 iam
2092 1309 2243 1352 vero
2291 1288 2558 1352 Pictoris
2603 1289 2793 1354 bene-

517 1393 657 1457 ficio
704 1393 951 1458 affirmo
996 1416 1115 1457 nos
1160 1393 1224 1456 id
1271 1414 1519 1478 quoque
1565 1394 1807 1456 discere
1852 1393 1917 1456 in
1963 1393 2142 1456 libris
2188 1393 2294 1477 qui
2341 1399 2521 1456 erant
2568 1392 2646 1456 de
2677 1414 2793 1477 pu-

518 1497 699 1561 blicis
764 1497 1196 1561 sacerdotibus
1257 1499 1449 1561 etiam
1495 1496 1859 1560 Vestalium
1926 1496 2259 1561 sacerdotii
2317 1498 2456 1560 iura
2500 1498 2797 1580 exposita*

519 1602 743 1665 fuisse:
814 1601 986 1685 quod
1033 1622 1133 1664 me
1178 1622 1304 1664 non
1349 1608 1589 1664 temere
1635 1601 2078 1684 pronuntiasse
2137 1601 2427 1684 putabis,
2490 1602 2542 1663 si
2587 1600 2790 1664 Fabio

519 1705 663 1767 libri
695 1703 774 1767 de
807 1704 942 1767 iure
975 1705 1292 1787 pontificio
1331 1705 1517 1788 primi
1563 1704 1994 1786 fragmentum
2037 1704 2403 1767 auctoritati
2447 1704 2581 1767 eius
2627 1724 2794 1766 nunc

521 1808 875 1870 detractum
921 1809 1309 1871 restituero*
1370 1828 1598 1890 nempe
1645 1807 1924 1885 Gellius,
1995 1828 2138 1870 cum
2183 1807 2328 1871 libri
2374 1808 2556 1891 primi
2605 1812 2795 1889 caput

519 1910 966 1974 duodecimum
1026 1918 1230 1974 totum
1294 1911 1613 1993 virginum
1672 1905 2032 1975 Vestalium
2089 1911 2489 1974 caerimoniis
2551 1910 2792 1974 iuribus

519 2014 930 2096 religionibus
979 2013 1409 2077 describendis
1456 2014 1714 2092 dicaret,
1741 2015 1947 2098 capite
1993 2015 2249 2077 ineunte
2282 2015 2419 2098 ipse
2452 2019 2794 2092 auctorem,

520 2138 642 2200 quo
678 2138 832 2180 usus
879 2123 1011 2198 est,
1074 2117 1423 2201 appellavit
1467 2121 1577 2202 qui
1619 2117 1693 2180 de
1741 2119 1986 2201 vimine
2031 2117 2341 2200 capienda
2384 2119 2790 2200 scripserunt,

519 2240 786 2304 quorum
831 2220 1304 2303 diliyentissimc
1347 2222 1602 2303 scripsit
1645 2221 1852 2285 Labeo
1899 2222 2221 2284 Antistius
2265 2241 2321 2285 e.
2353 2241 2410 2304 q.
2446 2243 2516 2298 3.,
2562 2219 2794 2284 librum

519 2324 653 2385 eius
699 2323 1000 2387 indicavit
1045 2324 1163 2387 sub
1209 2326 1400 2389 finem
1446 2326 1669 2409 capitis
1719 2323 1786 2406 (ἓ
1836 2325 1944 2404 18)
1989 2331 2319 2407 praeterea
2380 2325 2450 2387 in
2496 2343 2795 2387 commen-

518 2427 708 2490 tariis
770 2426 1114 2508 Labeonis,
1173 2449 1335 2513 quae
1395 2429 1483 2491 ad
1539 2429 1860 2493 duodecim
1941 2427 2189 2492 tabula-s
2266 2430 2642 2510 composuit,
2701 2428 2794 2491 ita

521 2531 827 2611 scriptum
873 2536 961 2592 est
991 2551 1046 2593 e.
1082 2552 1140 2615 q.
1172 2552 1252 2594 s.:
1300 2538 1370 2594 ut
1416 2537 1621 2594 totum
1666 2531 1786 2594 hoc
1832 2538 2021 2616 caput
2065 2530 2353 2594 Labeoni
2398 2530 2618 2594 deberi
2660 2531 2795 2594 veri

520 2633 601 2696 sit
646 2633 1087 2698 simillimum¹.
1177 2635 1492 2699 Antistius
1539 2637 1752 2718 igitur,
1800 2657 1941 2699 cum
1987 2656 2128 2699 eam
2175 2634 2508 2699 duodecim
2553 2635 2794 2698 tabula·

520 2757 655 2799 rum
702 2743 970 2821 partem,
1018 2758 1181 2821 quae
1228 2744 1364 2802 erat
1395 2738 1473 2802 de
1505 2739 1852 2821 virginibus
1878 2737 2299 2820 Vestalibus2,
2346 2739 2795 2802 commentario

520 2840 904 2921 illustraret,
962 2840 1029 2903 id
1090 2842 1179 2903 ita
1238 2848 1602 2925 persecutus
1663 2848 1792 2920 est,
1854 2849 1925 2905 ut
1984 2843 2571 2925 interpretationem
2616 2863 2792 2905 suam

521 2943 703 3007 docta
750 2944 830 3007 de
876 2944 1198 3028 capiendis
1247 2943 1618 3009 Vestalibus
1681 2947 2079 3029 expositione
2144 2946 2585 3029 distingueret.
2675 2946 2794 3010 hac

519 3047 585 3109 in
630 3068 698 3110 re
744 3047 898 3110 illud
947 3054 1044 3111 est
1092 3049 1462 3124 maximum,
1509 3048 1676 3133 quod
1724 3050 1926 3113 altero
1975 3049 2111 3112 loco
2143 3048 2389 3113 Gellius
2420 3048 2793 3113 Labe‘onem

728 3188 746 3221 ¹
806 3186 1118 3253 opinionem
1172 3187 1499 3253 Zimmerni,
1556 3186 1757 3239 Gesch.
1808 3187 1859 3239 d.
1899 3203 2067 3239 roem.
2122 3185 2502 3240 Privatrechts
2538 3189 2566 3240 Ι
2601 3207 2656 3257 p.
2692 3187 2796 3241 313

522 3273 646 3326 adn.
683 3271 736 3339 5,
774 3275 865 3342 qui
903 3271 1139 3325 Gellium
1172 3276 1278 3326 hoc
1316 3277 1482 3340 caput
1523 3291 1552 3327 6
1591 3274 1800 3326 Masuri
1857 3273 2046 3326 Sabini
2080 3275 2222 3326 libro
2262 3274 2329 3326 de
2367 3275 2485 3326 iure
2521 3274 2671 3326 civili
2707 3291 2795 3328 se-

521 3360 696 3412 cundo
735 3359 1106 3426 desumpsisse
1145 3359 1440 3425 existimat,
1475 3358 1752 3412 Lotharus
1789 3361 1995 3425 Ruske,
2032 3360 2116 3412 De
2152 3361 2218 3411 A.
2258 3360 2423 3413 Gellii
2458 3365 2602 3413 noct.
2641 3361 2793 3413 attic.

519 3447 760 3499 fontibus
813 3450 1024 3513 quaest.
1066 3447 1306 3499 selectae
1344 3445 1593 3508 (Vratisl.
1630 3444 1782 3511 1883)
1818 3464 1872 3514 p.
1912 3446 1980 3498 63
2016 3450 2170 3499 recte
2207 3447 2423 3499 videtur
2471 3448 2797 3515 repudiasse

519 3536 660 3585 hanc
700 3534 766 3585 ob
806 3550 1045 3599 causam,
1083 3533 1229 3600 quod
1253 3533 1553 3586 Masurium
1579 3533 1865 3601 Capitonis
1904 3536 2173 3586 asseclam
2198 3532 2513 3587 Labeonem
2549 3551 2793 3587 summae

520 3618 843 3686 diligentiae
879 3618 1043 3670 laude
1082 3622 1399 3670 ornaturum
1453 3619 1622 3670 fuisse
1669 3620 1763 3670 vix
1814 3619 2079 3672 credibile
2127 3623 2229 3671 est.
2299 3617 2613 3673 Labeonem
2662 3637 2795 3673 vero

520 3705 805 3771 quominus
845 3722 928 3771 ea,
967 3722 1108 3771 quae
1146 3705 1354 3757 Gellius
1393 3722 1462 3757 ex
1501 3722 1564 3757 eo
1605 3706 1934 3773 desumpsit,
1969 3707 2025 3758 in
2060 3706 2217 3759 libris
2255 3706 2321 3758 de
2360 3707 2639 3773 pontificio
2677 3707 2796 3759 iure

519 3790 807 3857 scripsisse
863 3806 984 3841 cum
1037 3791 1358 3857 Huschkio,
1414 3791 1652 3858 Jurispr.
1712 3792 2002 3844 anteiust.⁴
2055 3810 2108 3860 p.
2173 3792 2267 3845 112
2314 3808 2395 3859 sq.
2453 3796 2507 3845 et
2561 3792 2793 3844 Alfredo

518 3875 770 3941 Pernice,
805 3876 1025 3928 Marcus
1061 3877 1333 3929 Antistius
1371 3876 1557 3929 Labeo
1594 3877 1623 3928 I
1661 3877 1849 3940 (Halle
1889 3877 2042 3942 1873)
2080 3896 2134 3946 p.
2173 3879 2233 3929 41
2295 3883 2481 3947 putem
2503 3917 2516 3944 ,
2566 3879 2797 3946 impedit

518 3978 604 4013 me
630 3961 828 4028 capitis
856 3961 1094 4014 Gelliani
1124 3963 1355 4028 indoles,
1394 3980 1534 4030 quae
1571 3965 1965 4016 commentaria
1992 3963 2276 4016 duodecim
2304 3966 2611 4018 tabularum
2638 3966 2796 4033 quasi

520 4045 694 4113 digito
745 4051 1031 4099 monstrat.
1084 4065 1413 4115 quamquam
1460 4052 1565 4101 hoc
1602 4049 2016 4115 Mercklinium,
2065 4051 2168 4103 Die
2208 4050 2637 4104 Citiermethode
2684 4051 2795 4103 und

521 4131 1063 4200 Quellenbenutzung
1112 4133 1209 4186 des
1258 4135 1324 4186 A.
1366 4135 1574 4188 Gellius
1630 4137 1686 4187 in
1738 4136 1843 4187 den
1879 4136 2082 4188 Noctes
2121 4137 2324 4190 atticae
2361 4136 2566 4200 (annal.
2604 4137 2794 4204 philol.

522 4216 699 4282 suppl.
727 4217 813 4267 111
849 4234 902 4284 p.
930 4216 1034 4270 654
1069 4218 1173 4284 sq.)
1211 4236 1319 4270 non
1357 4219 1517 4286 fugit,
1556 4224 1740 4272 tamen
1778 4221 1965 4272 statim
2001 4222 2056 4272 in
2093 4220 2258 4273 aliam
2295 4221 2431 4274 abiit
2467 4222 2793 4274 sententiam

521 4305 694 4352 totum
743 4295 1113 4369 caput'Ateio
1159 4303 1445 4371 Capitoni,
1497 4306 1589 4374 qui
1644 4307 1701 4356 in
1739 4305 1767 4370 ξ
1806 4304 1839 4356 8
1874 4306 1931 4357 111
1968 4310 2287 4359 transcursu
2324 4311 2795 4375 commemoratur,

520 4385 836 4453 adsignans.

728 4471 750 4507 2
787 4469 956 4541 Legis
992 4472 1105 4525 XII
1140 4476 1373 4528 tabular.
1412 4477 1511 4528 rel.
1551 4475 1636 4528 ed.
1673 4477 1741 4528 R.
1784 4475 2006 4531 Schoell
2041 4495 2096 4546 p.
2140 4478 2235 4531 126
2272 4480 2383 4532 tab.
2408 4478 2460 4532 V
2501 4479 2558 4554 l·;
2595 4479 2795 4547 Bruns,

525 4559 731 4611 Fontes
767 4559 868 4613 iur.
908 4559 1065 4612 Rom.
1102 4563 1250 4613 ant.4
1287 4578 1341 4631 p.
1378 4560 1443 4613 21
1482 4563 1593 4615 tab.
1630 4561 1682 4615 V
1713 4564 1757 4615 1.
