3407 5226
2682 485 2764 547 43

490 676 553 739 in
602 677 808 741 locum
855 679 1032 742 Servi
1068 677 1522 760 Maluginensis
1571 675 1853 739 defuncti
1902 674 2199 758 legend0,
2247 674 2432 738 simul
2481 672 2768 759 roganda

491 801 656 843 nova
702 781 840 864 lege
889 781 1186 846 disseruit
1235 780 1487 843 Caesar.
1549 799 1694 842 nam
1741 778 2039 864 patricios
2086 778 2492 844 confarreatis
2535 797 2766 863 paren-

490 882 661 949 tibus
705 885 955 967 genitos
1003 876 1137 948 tres
1177 883 1363 947 simul
1410 882 1758 961 nominari,
1817 903 1898 946 ex
1944 880 2175 965 quibus
2225 902 2389 945 unus
2428 880 2765 964 legeretur,

492 990 742 1049 vetusto
790 1008 1002 1069 more3
1059 1009 1267 1072 neque
1315 986 1541 1050 adesse
1560 1034 1576 1065 ,
1638 992 1709 1048 ut
1755 985 1902 1050 olim
1925 1034 1941 1065 ,
2001 1006 2140 1047 cam
2188 985 2431 1068 copiam
2452 1034 2469 1065 ,
2531 984 2765 1048 omissa

492 1088 937 1154 confarreandi
985 1089 1408 1154 adsuetudine
1455 1098 1568 1154 aut
1611 1089 1775 1153 inter
1815 1109 2057 1173 ‘paucos
2106 1095 2354 1152 retenta
2383 1087 2759 1171 (pluresque

491 1193 625 1256 eius
673 1193 763 1259 rei
813 1215 1034 1258 causas
1081 1193 1406 1271 afferebat,
1454 1193 1848 1277 potissimam
1896 1212 2091 1276 penes
2135 1192 2440 1255 incuriam
2485 1190 2763 1254 virorum

488 1294 1027 1382 feminarumque3
1095 1295 1398 1361 accedere
1464 1303 1526 1359 et
1586 1295 1783 1380 ipsius
1848 1294 2267 1359 caerimoniae
2335 1292 2766 1373 difficultates,

488 1421 655 1484 quae
687 1402 979 1466 consulto
1006 1397 1412 1483 vitarentur),
1441 1408 1521 1464 et
1569 1420 1722 1484 quo
1743 1398 1781 1462 d
1831 1398 2106 1463 exiret
2150 1420 2186 1463 e
2225 1397 2403 1461 iure
2450 1419 2546 1481 pa
2570 1396 2763 1473 trio,

487 1503 757 1587 quiid
821 1503 1319 1569 flamonium
1384 1505 1966 1591 apisceretur.
2060 1501 2259 1565 Gaius
2322 1501 2468 1566 inst.
2535 1500 2567 1564 I
2641 1502 2764 1565 130

487 1614 821 1689 praeterea
867 1629 902 1670 e
924 1630 965 1669 x
989 1628 1024 1671 e
1044 1629 1086 1671 u
1106 1612 1192 1670 nt
1236 1605 1414 1670 liberi
1461 1606 1651 1670 virilis
1684 1627 1878 1669 sexus
1926 1604 1966 1667 d
1988 1625 2024 1668 e
2067 1624 2109 1688 p
2131 1624 2169 1666 a
2190 1626 2217 1667 r
2238 1624 2274 1667 e
2292 1604 2415 1667 nti
2438 1626 2467 1667 s
2512 1624 2553 1687 p
2576 1626 2613 1669 o
2636 1611 2661 1668 t
2681 1626 2757 1669 e-

485 1716 754 1782 state,
825 1710 894 1774 si
941 1708 1349 1775 flamines
1399 1709 1700 1773 Diales
1765 1708 2430 1792 inaugurentur.
2525 1707 2606 1771 ib.
2654 1706 2761 1772 III

492 1814 609 1874 114
644 1811 719 1874 de
748 1831 817 1874 eo
847 1814 956 1896 qai
984 1815 1052 1876 in
1093 1813 1306 1896 patris
1348 1818 1649 1896 potestate
1693 1819 1780 1876 est
1799 1834 1820 1875 .·
1862 1831 1936 1874 ac
1982 1832 2063 1874 ne
2109 1811 2230 1895 ipsi
2275 1810 2528 1895 quidem
2575 1812 2761 1876 aliter

485 1912 713 1996 a[ctio]
763 1917 1069 1999 conpetit,
1120 1935 1307 1999 quam
1355 1916 1408 1978 si
1454 1916 1588 1979 sine
1637 1913 1914 1999 [capitis]
1971 1913 2379 1977 diminutione
2429 1934 2465 1976 e
2483 1915 2625 1978 xie
2645 1935 2677 1977 r
2695 1914 2761 1977 it

484 2015 582 2078 de
627 2022 1095 2099 potestate
1142 2018 1582 2103 parentis,
1648 2017 1847 2082 veluti
1892 2023 2097 2081 morte
2159 2017 2297 2081 eius
2360 2024 2474 2081 aut
2537 2017 2760 2101 quod

483 2119 672 2204 ipse
717 2120 1041 2184 flamen
1086 2120 1375 2185 Dialis
1424 2121 2008 2205 inauguratus
2058 2125 2207 2185 est.
2299 2119 2552 2205 Ulpian.
2582 2120 2658 2184 fr.
2691 2120 2757 2184 X

484 2223 522 2284 5
583 2221 663 2286 in
731 2231 1197 2307 potestate
1268 2231 1729 2307 parentum
1796 2244 1989 2288 esse
2057 2222 2475 2288 desinunt
2541 2231 2606 2289 et
2672 2225 2756 2299 hi,

483 2327 617 2409 qui
682 2326 1089 2391 flamines
1154 2325 1513 2409 Dial[e]s
1574 2326 2231 2411 inaugurantur
2295 2333 2359 2390 et
2422 2348 2586 2411 quae
2633 2329 2757 2392 vir·

483 2427 718 2512 gin[e]s
767 2428 1066 2512 Vest[a]e
1114 2430 1450 2513 capiuntur
1495 2428 1528 2464 ⁸³
1575 2427 1609 2463 *
1655 2429 1690 2467 '¹‘
1740 2431 1821 2515 (ff.
1853 2432 1957 2515 fr.
2004 2431 2111 2497 39.

690 2548 995 2635 Inter-pol.
1045 2550 1226 2615 Serv,
1272 2551 1432 2615 Aen.
1480 2551 1577 2616 lV
1630 2552 1752 2615 103
1800 2571 1963 2636 quae
2008 2573 2108 2617 res
2169 2552 2247 2616 ad
2310 2552 2339 2615 f
2355 2573 2387 2615 a
2413 2560 2755 2617 rreatas

485 2772 697 2807 manum
737 2758 969 2809 flaminis
1007 2759 1348 2810 conveniret.
1444 2758 1614 2811 Gaius
1650 2758 1678 2810 I
1722 2759 1820 2812 130
1857 2763 2251 2825 praeterea
2287 2797 2300 2811 .
2341 2799 2354 2812 .
2393 2799 2405 2812 .
2444 2758 2755 2827 inaugu-

483 2844 755 2901 rentur,
794 2845 848 2892 et
888 2843 1130 2894 feminini
1172 2859 1348 2905 sexus,
1387 2845 1430 2894 si
1460 2844 1705 2910 virgines
1732 2839 1985 2896 Vestales
2022 2846 2313 2910 capiantur
2348 2843 2441 2910 (cf.
2467 2845 2556 2910 fr.
2596 2847 2662 2896 66
2679 2847 2753 2910 α).

482 2925 551 2977 ib.
578 2926 664 2977 111
694 2927 787 2977 114
817 2928 861 2977 is
889 2932 1089 2993 autem,
1128 2930 1298 2996 quiin
1329 2937 1596 2995 potestate
1634 2933 1805 2997 patris
1844 2939 1941 2989 est,
1981 2933 2099 2998 agit
2138 2930 2367 2999 aliquid,
2404 2931 2500 2983 sed
2540 2934 2755 2997 parenti

480 3028 585 3063 non
627 3012 889 3078 adquirit,
928 3015 1178 3080 quamvis
1217 3030 1284 3065 ex
1324 3018 1575 3067 omnibus
1613 3017 1811 3068 ceteris
1848 3018 2026 3069 causis
2056 3016 2368 3084 stipulando
2394 3018 2441 3067 ei
2471 3018 2755 3085 adquirat3

384 3129 389 3135 -
478 3112 554 3148 ac
593 3112 676 3146 ne
712 3098 849 3163 ipsi
889 3134 904 3149 .
942 3138 953 3150 .
995 3099 1541 3165 ,inauguratus
1579 3108 1701 3154 est.

690 3199 751 3252 15
821 3200 1088 3267 Interpol.
1127 3201 1277 3255 Serv.
1317 3208 1452 3256 Aen.
1479 3205 1558 3256 IV
1590 3205 1688 3259 103
1725 3222 1946 3275 quoque
1985 3207 2160 3258 omnis
2197 3208 2303 3260 iste
2343 3223 2455 3259 mos
2492 3206 2756 3273 coempti-

479 3287 599 3336 onis
637 3291 690 3335 et
727 3287 868 3337 citra
904 3287 1138 3339 nominis
1179 3291 1640 3355 nuncupationem
1682 3291 1830 3344 dotis
1868 3290 2032 3345 datae
2070 3293 2356 3345 taxatione
2381 3292 2756 3358 expediretur,

478 3387 618 3437 quae
657 3387 748 3422 res
785 3374 837 3423 in
881 3388 1095 3424 manum
1135 3374 1425 3425 conventio
1467 3375 1685 3436 dicitur,
1726 3378 2010 3441 subiunxit
2049 3379 2391 3445 ‘dotalesque
2418 3387 2542 3431 tuae
2563 3379 2756 3445 Tyrios

474 3457 794 3522 permittere
847 3456 1105 3512 dextrae'.
1178 3459 1307 3525 quid
1363 3465 1444 3513 est
1495 3462 1637 3512 enim
1692 3462 1845 3526 aliud,
1889 3464 2224 3529 ‘permittere
2264 3465 2397 3530 (add
2433 3463 2756 3530 Masvicius)

475 3542 734 3606 dextrae’,
775 3558 937 3610 quam
978 3545 1029 3595 in
1072 3562 1282 3597 manum
1325 3547 1664 3599 eoum-nire?
1703 3565 1845 3615 quae
1884 3550 2176 3602 conventio
2215 3566 2280 3603 eo
2319 3551 2426 3602 ritu
2455 3550 2755 3617 perficitur,

476 3634 532 3679 ut
571 3645 714 3695 aqua
752 3637 807 3677 et
844 3628 960 3692 igni
1000 3630 1292 3689 adhibitis,
1345 3631 1558 3682 duobus
1609 3634 1855 3685 maximis
1891 3635 2193 3700 elementis,
2232 3640 2426 3702 natura
2462 3635 2756 3687 coniuncta

473 3712 772 3763 habeatur:
812 3729 997 3779 quae
1048 3731 1165 3766 res
1201 3754 1214 3767 .
1255 3755 1264 3767 .
1307 3754 1319 3767 .
1359 3720 1773 3770 convenire.
1846 3719 2130 3771 sciendum
2170 3727 2350 3771 tamen
2392 3720 2443 3772 in
2481 3721 2585 3772 hac
2624 3737 2753 3772 con-

475 3797 731 3849 ventione
772 3798 992 3849 Aeneae
1045 3808 1211 3866 atque
1252 3799 1480 3853 Didonis
1530 3801 1736 3869 ubique
1774 3802 2079 3869 Vergilium
2137 3804 2192 3856 in
2245 3819 2482 3871 persona
2531 3806 2755 3857 Aeneae

474 3880 761 3946 flaminem,
798 3884 853 3933 iu
896 3883 1126 3936 Didonis
1166 3884 1491 3938 flaminicam
1530 3893 1902 3954 praesentare.
1954 3891 2125 3942 Gaius
2145 3891 2270 3942 inst.
2294 3891 2321 3942 I
2349 3889 2443 3943 112
2460 3891 2638 3956 cf.fr.
2665 3895 2753 3944 12.

473 3966 735 4033 Interpol.
774 3967 926 4022 Serv.
965 3971 1102 4021 Aen.
1142 3971 1223 4023 1v
1257 3971 1360 4024 339
1397 3975 1452 4022 et
1504 3972 1591 4023 hic
1630 3976 1876 4025 Aeneam
1927 3974 2137 4027 inducit
2196 3981 2449 4042 agentem
2506 3978 2657 4028 nullo
2695 3992 2754 4028 se

475 4054 807 4105 matrimonii
848 4055 966 4107 iure
1006 4071 1167 4121 posse
1206 4058 1544 4125 constringi,
1594 4059 1685 4127 qui
1727 4076 1905 4128 neque
1940 4058 2114 4127 (fort.
2153 4058 2522 4130 nequaquam'
2569 4061 2756 4128 Thilo)

681 4245 700 4279 ⁵
755 4242 1068 4313 (pluresque
1106 4284 1119 4297 .
1148 4286 1160 4299 .
1192 4287 1203 4299 .
1241 4248 1569 4314 vitarentur)
1606 4253 1687 4301 ita
1727 4249 1965 4324 Madviy,
2001 4250 2229 4303 Advers.
2264 4255 2387 4305 crit.
2426 4252 2498 4304 11
2523 4272 2583 4321 p.
2620 4257 2753 4320 5463

464 4333 593 4394 post
645 4329 952 4381 vitarentur
1005 4331 1255 4385 lacunam
1306 4338 1572 4400 suspicati
1616 4342 1748 4387 sunt
1800 4336 2049 4403 Lipsius,
2087 4337 2408 4408 Nipperdey
2546 4341 2568 4375 ⁸
2606 4340 2755 4407 quod

475 4413 776 4467 Rhenanus
814 4431 921 4482 quo
957 4417 1068 4469 cod.
1105 4417 1377 4471 Mediceus
1516 4420 1538 4456 9
1574 4421 1872 4473 flaminium
1913 4420 2052 4473 Med.
2090 4438 2231 4475 corr.
2374 4425 2416 4460 ¹⁹
2455 4425 2753 4492 farreatas]

472 4497 762 4552 faciendas
794 4500 1028 4554 Ambros

2807 1619 2862 1662 10

2801 2140 2857 2183 15

2842 2558 2920 2620 15
