3407 5226
593 475 675 536 28

600 666 722 727 112
759 662 1090 726 adnotavit
1122 662 1447 726 Martiales
1478 668 1542 726 et
1583 662 1940 736 Quirinales
1969 664 2256 727 flamines
2289 665 2408 728 nisi
2453 687 2537 729 ex
2582 666 2871 730 farreatis

594 775 775 832 natos
820 789 949 831 non
990 768 1118 851 legi
1165 789 1239 832 ac
1284 789 1363 832 ne
1409 768 1579 852 ipsos
1624 766 1881 851 quidem
1926 769 2059 831 sine
2117 769 2624 833 confarreatione
2669 790 2872 833 sacer-

593 872 837 936 dotium
904 871 1140 936 habere
1207 893 1389 956 posse
1452 869 1562 952 (fr.
1611 873 1715 953 53,
1763 871 1842 935 cf.
1891 872 1967 935 fr.
2018 875 2077 936 5.
2131 873 2278 953 12),
2349 879 2413 936 et
2480 872 2651 956 apud
2701 872 2870 938 Fest.

592 996 654 1059 p.
703 976 829 1038 249
877 998 925 1039 s.
973 997 1034 1040 v.
1080 972 1400 1060 ‘praeciae'
1446 976 1640 1039 etiam
1703 975 2064 1039 flaminibus
2109 976 2391 1039 Martiali
2437 976 2871 1060 Quirinalique

592 1077 874 1160 praecias
919 1078 1174 1162 praesto
1220 1078 1413 1141 fuisse
1458 1079 1885 1141 testimonium
1930 1078 2001 1141 fit
2048 1077 2157 1159 (fr.
2185 1079 2264 1141 55
2291 1079 2476 1142 :fn
2502 1079 2633 1157 31),
2679 1085 2743 1143 et
2788 1078 2870 1142 ab

592 1180 1061 1265 Interpolatore
1151 1179 1333 1244 Servi
1401 1180 1563 1245 Aen.
1623 1179 1796 1244 VIII
1863 1183 1988 1245 552
2058 1182 2329 1245 refertur
2398 1182 2505 1245 iis·
2539 1204 2577 1244 a
2644 1182 2872 1245 finibus

591 1284 820 1349 Italiae
865 1285 1084 1349 abesse
1129 1286 1378 1348 licuisse
1423 1306 1628 1369 neque
1676 1306 1925 1369 semper
1956 1291 2357 1369 praetextam
2388 1306 2591 1369 neque
2623 1286 2872 1369 apicem

595 1389 713 1452 nisi
760 1394 1044 1473 tempore
1089 1389 1376 1453 sacrificii
1422 1410 1527 1453 eos
1572 1395 1824 1471 gestare
1870 1390 2083 1453 solitos
2138 1410 2273 1453 esse
2321 1388 2427 1469 (fr.
2475 1387 2611 1468 54),
2661 1395 2874 1453 cetera

594 1494 825 1574 omnia,
875 1514 1037 1576 quae
1069 1493 1166 1556 his
1197 1493 1556 1557 flaminibus
1588 1493 2045 1576 flaminicisque
2075 1514 2203 1556 una
2249 1513 2393 1555 cum
2434 1493 2677 1555 flamini
2699 1492 2874 1583 Diali

594 1598 855 1681 eiusque
900 1597 1092 1662 uxori
1136 1598 1527 1681 praescripta
1572 1596 1765 1660 fuisse
1811 1596 2125 1673 videntur,
2168 1598 2233 1660 in
2278 1598 2640 1660 coniectura
2668 1597 2875 1680 posita

595 1708 742 1765 sunt
776 1702 813 1765 ¹.
905 1722 1013 1765 eas
1058 1706 1275 1765 autem
1320 1702 1766 1782 caerimonias,
1830 1721 1993 1784 quae
2038 1700 2116 1764 fr.
2166 1701 2248 1762 54
2293 1700 2687 1782 allegantur,
2746 1721 2874 1762 non

594 1826 775 1889 posse
823 1804 904 1868 ad
948 1805 1415 1889 antiquissimas
1446 1805 1763 1869 Martialis
1796 1811 1859 1868 et
1891 1804 2232 1878 Quirinalis
2262 1803 2599 1885 religiones
2629 1803 2873 1884 referri,

596 1910 791 1972 immo
860 1908 1226 1992 posterioris
1290 1909 1516 1972 aetatis
1577 1929 1743 1989 esse,
1806 1914 2081 1990 arguunt
2149 1906 2448 1990 exempla
2514 1906 2590 1970 L.
2652 1905 2875 1970 Valeri

600 2012 811 2075 Flacci
869 2012 1141 2075 flaminis
1199 2011 1548 2092 Martialis,
1608 2032 1800 2095 quem
1858 2032 2024 2074 anno
2072 2032 2124 2073 a.
2179 2011 2250 2073 O.
2302 2012 2422 2093 131·
2469 2010 2542 2073 P.
2590 2009 2876 2076 Licinius

597 2116 856 2181 Crassus
903 2115 1198 2199 pontifex
1245 2116 1599 2197 maximus,
1657 2135 1802 2178 cum
1860 2113 1941 2177 ad
2005 2113 2245 2177 bellum
2288 2113 2640 2195 gerendum
2681 2115 2875 2196 profi-

595 2220 742 2284 cisci
808 2219 1034 2296 vellet,
1098 2218 1348 2281 Romae
1415 2217 1750 2298 retinuit2,
1818 2223 1882 2280 et
1928 2217 2003 2291 Q.
2047 2216 2209 2279 Fabi
2266 2216 2535 2279 Pictoris
2602 2217 2876 2282 flaminis

596 2322 971 2404 Quirinalis,
1044 2343 1234 2406 quem
1301 2321 1471 2386 idem
1539 2321 1829 2405 pontifex
1898 2342 2062 2384 anno
2126 2342 2185 2384 a.
2232 2319 2302 2385 O.
2357 2321 2478 2382 189
2547 2319 2628 2383 ad
2696 2342 2877 2385 sacra

595 2426 854 2490 retinuit
875 2425 921 2489 3.
1248 2512 1251 2515 Δ

782 2528 972 2593 haud
1007 2530 1202 2593 multo
1236 2530 1531 2594 uberiora
1561 2529 1640 2593 de
1685 2529 2053 2615 pontificum
2098 2530 2495 2595 caerimoniis
2538 2531 2877 2615 scriptores

597 2631 876 2696 tradunt.
966 2633 1064 2698 his
1123 2635 1315 2698 tutuli
1361 2632 1470 2716 (fr.
1520 2631 1637 2716 56)
1683 2640 1750 2697 et
1806 2634 2151 2718 secespitae
2198 2633 2305 2710 (fr.
2353 2634 2463 2713 57)
2511 2657 2660 2698 usus
2706 2656 2877 2699 com-

597 2738 803 2801 munis
828 2743 964 2801 erat
988 2758 1134 2801 cum
1151 2737 1511 2801 flaminibus
1537 2743 1601 2800 et
1624 2737 1954 2801 flaminicis
1979 2736 2078 2816 (fr.
2107 2739 2210 2801 22.
2239 2739 2341 2802 43.
2378 2739 2476 2802 17.
2506 2738 2641 2821 51),
2668 2759 2876 2817 scena,

596 2841 771 2904 cuius
815 2862 1051 2906 nomen
1083 2841 1335 2905 Cincius
1378 2842 1444 2904 in
1489 2841 1766 2905 secundo
1815 2842 1894 2905 de
1939 2841 2150 2905 verbis
2196 2842 2416 2925 priscis
2460 2842 2626 2906 libro
2676 2844 2875 2927 expli-

480 2991 483 2992 .
590 2944 784 3027 cavit,
830 2945 1093 3029 propria
1138 2966 1356 3010 eorum
1402 2951 1538 3009 erat
1585 2943 1693 3026 (fr.
1730 2947 1864 3024 58).
1935 2945 2017 3009 ad
2049 2945 2575 3009 caerimoniarum
2604 2947 2877 3010 flaminis

595 3050 998 3113 sanctitatem
1064 3050 1354 3133 proxime
1414 3048 1657 3112 accedit
1718 3054 2131 3133 praeceptum
2192 3050 2275 3113 ab
2334 3048 2646 3134 Interpol.
2695 3049 2875 3114 Serv.

594 3152 756 3217 Aen.
809 3150 980 3216 VIII
1026 3153 1152 3216 552
1199 3149 1502 3216 traditum
1564 3152 1964 3236 pontificibus
2009 3172 2141 3216 non
2198 3153 2449 3217 licuisse
2515 3174 2680 3237 equo
2728 3153 2874 3217 vehi

592 3255 706 3321 sed
773 3277 959 3319 curru
1027 3255 1132 3336 (fr.
1191 3255 1302 3337 59)
1327 3253 1376 3339 4,
1463 3260 1527 3319 et
1594 3255 1867 3318 alterum
1932 3254 2100 3338 quod
2177 3256 2440 3320 vetabat
2514 3256 2875 3340 pontificem

596 3365 920 3424 mortuum
981 3359 1276 3439 videre5,
1321 3358 1493 3443 apud
1541 3356 1721 3422 Serv.
1770 3357 1933 3422 Aen.
1982 3357 2081 3421 VI
2130 3360 2252 3423 176
2302 3358 2412 3441 (fr.
2460 3359 2609 3441 61);
2664 3359 2872 3422 iurare

597 3470 811 3527 tamen
858 3464 934 3527 iis
978 3463 1249 3541 licebat,
1295 3461 1405 3558 sed
1450 3482 1565 3544 per
1609 3460 1764 3524 deos
1812 3462 2254 3527 tantummodo
2304 3463 2513 3546 (Serv.
2560 3463 2724 3527 Aen.
2770 3460 2872 3525 IX

595 3570 742 3649 298,
792 3569 869 3633 fr.
921 3565 1093 3644 6Ο)6.

806 3742 822 3777 ¹
864 3759 1050 3795 eorum
1075 3746 1337 3807 locorum,
1375 3741 1468 3808 qui
1494 3744 1599 3793 huc
1627 3745 1898 3808 spectant,
1925 3742 2306 3795 collectionem
2333 3743 2596 3809 proposui
2619 3759 2673 3809 p.
2702 3741 2766 3793 16
2791 3759 2869 3809 sq.

800 3830 822 3865 ²
863 3829 973 3882 Cic.
1012 3830 1153 3882 Phil.
1190 3828 1274 3880 Xl
1307 3828 1359 3895 8,
1398 3827 1481 3879 18.

804 3916 824 3951 ⁸
858 3915 978 3970 Liv.
1014 3916 1289 3968 XXXVII
1326 3916 1407 3969 51.
1480 3916 1551 3967 cf.
1586 3915 1894 3966 Ambrosch
1916 3953 1929 3979 ,
1985 3915 2211 3976 Quaest.
2247 3919 2399 3984 pont.
2451 3932 2572 3982 cap.
2609 3914 2696 3965 III
2731 3932 2785 3982 p.
2823 3914 2872 3966 3.

599 4004 666 4059 10
701 4021 781 4073 sq.
853 4004 1196 4073 Marquardt,
1232 4004 1454 4055 Enchir.
1493 4001 1610 4053 V1²
1646 4019 1700 4069 p.
1739 4000 1807 4052 64
1844 4018 1925 4067 sq.

799 4091 824 4127 ⁴
859 4092 927 4143 cf.
964 4090 1289 4159 Marquardt
1324 4091 1359 4141 1.
1397 4090 1430 4139 l.
1472 4106 1526 4156 p.
1564 4085 1668 4140 250
1706 4087 1829 4140 adn.
1866 4087 1919 4139 4.

806 4180 827 4214 ⁵
862 4178 1033 4230 verba
1068 4177 1196 4229 huic
1232 4179 1535 4243 praecepto
1574 4174 1967 4240 subsequentia
2005 4178 2183 4239 nzayis
2219 4186 2396 4226 tamen
2453 4174 2618 4239 nefas
2657 4173 2875 4239 fuerat,

595 4271 648 4320 si
700 4268 878 4318 visum
927 4264 1259 4329 insepultum
1310 4262 1683 4328 relinquerent
1737 4261 1923 4313 nescio
1976 4265 2158 4312 utrum
2213 4264 2333 4313 cum
2386 4261 2508 4328 ipso
2564 4262 2877 4328 fragmento

595 4353 982 4419 coniungenda
1018 4368 1088 4403 an
1125 4350 1224 4416 iis,
1273 4352 1367 4416 qui
1415 4350 1480 4400 de
1533 4350 1756 4413 pietatis
1808 4347 2096 4411 yeneribus
2145 4352 2485 4414 scripserunt
2536 4347 2627 4410 (cf.
2680 4346 2879 4412 ὅππῃ),

596 4438 887 4494 tribuenda
925 4438 1049 4490 sint.

803 4526 824 4561 ⁶
862 4524 1189 4580 Tertulliani
1226 4524 1293 4575 de
1333 4524 1520 4574 exhor.
1558 4525 1691 4574 cast.
1726 4521 1804 4586 13,
1843 4520 1915 4573 ad
1938 4535 2095 4572 uxor.
2132 4523 2174 4587 1,
2201 4523 2247 4573 7.
2278 4521 2346 4573 de
2372 4537 2589 4589 monog.
2621 4520 2678 4573 17
2706 4521 2872 4584 locoS,
