3407 5226
2734 501 2813 563 57

757 686 906 753 Tac.
941 711 1087 753 ann.
1122 687 1229 752 III
1264 691 1337 751 71
1379 694 1441 751 et
1480 682 1778 772 quoniam
1827 687 1904 751 de
1953 688 2363 771 religionibus
2413 689 2819 768 tractabatur,

553 791 815 863 dilatum
881 813 1087 877 nuper
1153 813 1527 875 responsum
1593 791 1897 855 adversus
1962 791 2248 855 Servium
2314 792 2821 876 Maluginensem

555 897 875 961 flaminem
906 897 1153 961 Dialem
1202 896 1514 980 prompsit
1548 894 1780 959 Caesar
1827 896 2247 980 recitavitque
2295 897 2617 960 decretum
2666 919 2822 982 pon—

557 1001 832 1082 tificum,
899 1002 1313 1085 quotiens
1393 1020 1552 1063 non
1621 999 2025 1063 valitudo
2099 1000 2471 1065 adversa
2534 1002 2822 1065 flami-

556 1126 733 1167 nem
781 1106 1116 1169 Dialem
1180 1104 1736 1186 incessisset,
1802 1110 1888 1166 ut
1946 1104 2425 1189 pontificis
2473 1107 2821 1170 maximi

556 1211 937 1273 arbitrio
986 1211 1182 1293 plus
1231 1230 1470 1293 quam
1520 1209 2010 1272 binoctium
2058 1209 2446 1291 abesset,
2493 1210 2678 1274 dum
2727 1234 2825 1275 ne

555 1312 868 1376 diebus
914 1314 1260 1398 publici
1306 1313 1759 1377 sacrificii
1804 1335 1953 1376 neu
2001 1314 2356 1396 saepius
2407 1336 2647 1397 quam
2694 1315 2824 1379 bis

554 1436 588 1478 e
614 1436 653 1478 u
675 1436 714 1478 n
737 1415 774 1477 d
799 1436 833 1478 e
854 1437 917 1479 m
982 1418 1061 1480 in
1126 1440 1164 1481 a
1187 1440 1223 1480 n
1249 1439 1288 1480 n
1309 1440 1351 1480 u
1373 1439 1472 1497 ως
1540 1438 1703 1501 quae
1770 1416 2053 1500 principe
2118 1420 2413 1499 Augusto
2483 1420 2825 1482 constituta

555 1519 709 1581 satis
760 1520 1185 1583 ostendebant
1231 1542 1506 1583 annuam
1554 1521 1905 1583 absentiam
1954 1528 2017 1584 et
2064 1522 2530 1604 provinciarum
2563 1523 2825 1587 admini-

552 1622 919 1686 strationem
970 1623 1264 1687 Dialibus
1312 1647 1434 1688 non
1487 1624 1769 1688 concedi.

756 1725 917 1790 Gell.
968 1750 1024 1791 n.
1073 1728 1229 1793 a-X
1273 1734 1366 1809 15,
1418 1731 1493 1791 17
1544 1730 1718 1792 sine
1764 1730 1993 1812 apice
2043 1729 2163 1792 sub
2209 1730 2358 1793 divo
2399 1752 2538 1795 esse
2582 1731 2819 1794 licitum

554 1848 681 1891 non
731 1838 863 1913 est3
910 1853 996 1895 su
1017 1833 1054 1895 b
1103 1839 1331 1896 tecto
1381 1833 1498 1896 uti
1542 1833 1596 1894 li
1619 1854 1746 1895 cer
1768 1856 1800 1896 e
1824 1840 1865 1908 t,
1914 1854 2040 1897 non
2073 1833 2318 1918 pridem
2350 1856 2387 1897 a
2420 1835 2823 1919 pontificibus

553 1934 968 1998 constitutum
1018 1937 1334 2001 Masurius
1382 1937 1653 2000 Sabinus
1700 1938 1966 2021 scripsit.

757 2145 823 2198 34
898 2146 1027 2197 Tac.
1069 2163 1193 2197 ann.
1235 2145 1319 2197 ΙΙΙ
1356 2144 1423 2198 58
1461 2146 1604 2197 inter
1656 2162 1799 2212 quae
1851 2146 2131 2211 provincia
2183 2146 2371 2198 Africa
2418 2147 2575 2198 Iunio
2627 2148 2823 2199 Blaeso

551 2236 851 2298 prorogata
913 2232 1130 2283 Servius
1182 2232 1574 2297 Maluginensis
1632 2232 1827 2283 flamen
1873 2232 2040 2283 Dialis
2099 2238 2155 2283 ut
2199 2233 2378 2283 Asiam
2418 2242 2560 2283 sorte
2600 2236 2825 2285 haberet

554 2317 868 2383 postulavit,
915 2319 1121 2368 frustra
1160 2318 1437 2382 vulgatum
1479 2318 1734 2369 dictitans
1773 2334 1880 2368 non
1921 2318 2087 2369 licere
2125 2317 2377 2369 Dialibus
2417 2317 2604 2382 egredi
2643 2320 2824 2383 Italia,

553 2420 730 2471 neque
758 2403 906 2455 aliud
938 2406 1020 2455 ius
1047 2420 1200 2455 suum
1229 2421 1389 2472 quam
1420 2404 1756 2455 Martialium
1786 2404 2261 2472 Quirinaliumque
2300 2406 2605 2455 flaminum:
2645 2422 2825 2470 porro,

550 2492 595 2541 si
632 2490 684 2540 hi
725 2490 1007 2541 duxissent
1047 2489 1377 2556 provincias,
1417 2505 1513 2540 cur
1554 2490 1807 2542 Dialibus
1847 2490 1900 2539 id
1941 2477 2202 2541 vetitum?
2240 2491 2393 2541 nulla
2433 2490 2498 2542 de
2535 2507 2599 2542 eo
2641 2492 2826 2557 populi

550 2579 718 2640 scita,
768 2593 878 2630 non
931 2579 982 2628 iu
1038 2577 1192 2631 libris
1243 2577 1694 2629 caerimoniarum
1754 2577 1998 2643 reperiri.
2088 2592 2255 2643 saepe
2306 2576 2594 2642 pontifices
2646 2578 2827 2630 Dialia

549 2679 708 2715 sacra
759 2664 986 2722 fecisse,
1042 2665 1086 2715 si
1139 2663 1334 2715 flamen
1387 2664 1691 2716 valitudine
1763 2671 1857 2715 aut
1904 2680 2127 2715 munere
2179 2664 2399 2730 publico
2446 2663 2823 2731 impediretur.

552 2751 794 2818 quinque
834 2756 886 2802 et
926 2751 1276 2816 septuaginta
1327 2751 1487 2801 annis
1537 2756 1662 2815 post
1699 2749 1940 2802 Cornelii
1979 2750 2223 2802 Merulae
2281 2749 2501 2802 caedem
2555 2753 2823 2803 neminem

549 2837 852 2901 suffectum,
891 2854 1068 2904 neque
1108 2843 1285 2889 tamen
1315 2837 1612 2889 cessavisse
1640 2838 1949 2902 religiones.
1996 2836 2189 2904 quodsi
2217 2855 2315 2904 per
2346 2844 2425 2888 tot
2456 2854 2627 2890 annos
2654 2840 2827 2904 possit

549 2939 656 2973 non
696 2924 868 2973 creari
911 2925 1058 2975 nullo
1113 2939 1388 2974 sacrorum
1440 2921 1667 2988 damno,
1721 2929 1924 2991 quanto
1980 2923 2195 2975 facilius
2246 2924 2517 2975 afuturum
2557 2925 2626 2976 ad
2666 2926 2824 2977 unius

550 3008 675 3059 anni
717 3008 1106 3073 proconsulare
1145 3009 1466 3074 imperium?
1541 3009 1771 3074 privatis
1810 3010 1933 3061 olim
1974 3010 2344 3061 simultatibus
2398 3010 2659 3076 effectum,
2700 3015 2756 3062 ut
2793 3028 2825 3062 a

550 3093 898 3158 pontificibus
926 3094 1170 3145 maximis
1198 3094 1277 3144 ire
1305 3093 1356 3143 in
1388 3094 1700 3160 provincias
1727 3096 2182 3160 prohiberentur:
2223 3111 2363 3147 nunc
2400 3095 2556 3146 deum
2597 3113 2823 3148 munere

551 3196 810 3231 summum
862 3180 1174 3245 pontificem
1227 3180 1389 3231 etiam
1442 3197 1700 3231 summum
1755 3182 2031 3232 hominum
2082 3197 2232 3242 esse,
2290 3198 2399 3233 non
2451 3184 2824 3248 aemulationi,

550 3281 654 3316 non
697 3264 823 3315 odio
864 3269 958 3315 aut
996 3266 1226 3330 privatis
1280 3265 1685 3318 adfectionibus
1736 3267 2049 3318 obnoxium.
2125 3267 2192 3319 59
2230 3267 2491 3319 adversus
2529 3285 2669 3335 quae
2705 3286 2823 3321 cum

549 3367 724 3416 augur
754 3351 1016 3403 Lentulus
1057 3353 1260 3419 aliique
1302 3355 1453 3404 varie
1493 3353 1845 3418 dissererent,
1885 3370 1949 3405 eo
1989 3354 2278 3406 decursum
2318 3360 2415 3416 est,
2455 3361 2513 3405 ut
2551 3355 2825 3420 pontificis

552 3437 772 3488 maximi
812 3439 1140 3489 sententiam
1181 3439 1582 3504 opperirentur.
1623 3439 1877 3491 Tiberius
1905 3439 2077 3492 dilata
2104 3441 2329 3492 notione
2357 3442 2423 3491 de
2450 3441 2565 3492 iure
2595 3441 2824 3493 flaminis

551 3522 796 3575 decretas
835 3525 902 3575 ob
943 3524 1291 3576 tribuniciam
1331 3525 1491 3576 Drusi
1536 3533 1866 3591 potestatem
1906 3527 2268 3579 caerimonias
2318 3529 2646 3593 temperavit
2697 3546 2738 3579 e.
2775 3546 2822 3595 q.

546 3627 591 3663 3.
631 3610 692 3662 71
753 3651 765 3663 .
806 3649 819 3662 .
857 3617 922 3662 ct
980 3613 1312 3680 quoniam
1372 3629 1435 3663 .·.
1474 3652 1486 3664 .
1545 3614 1871 3665 concedi.
1957 3615 2470 3681 memorabaturque
2519 3615 2577 3665 L.
2620 3615 2822 3666 Metelli

548 3697 824 3764 pontificis
866 3698 1080 3750 maximi
1120 3700 1434 3766 exemplum,
1476 3701 1569 3766 qui
1610 3702 1804 3752 Aulum
1835 3701 2166 3751 Postumium
2204 3700 2473 3751 flaminem
2515 3702 2825 3752 attinuisset

547 3784 645 3851 (cf.
685 3786 750 3836 de
778 3786 939 3851 flam.
977 3786 1146 3837 Mart.
1185 3794 1233 3837 et
1272 3787 1427 3850 Quir.
1456 3785 1680 3854 suppl).
1744 3787 1823 3838 ita
1861 3802 1980 3838 sors
2022 3787 2185 3838 Asiae
2224 3787 2277 3837 in
2317 3803 2457 3853 eum,
2496 3788 2587 3854 qui
2627 3803 2822 3839 oonsu-

549 3873 741 3923 larium
766 3871 1131 3938 Maluginensi
1171 3874 1449 3937 proximus
1489 3877 1621 3939 erat,
1660 3873 1897 3924 conlata.

755 3956 823 4010 35
893 3958 965 4022 cs.
1010 3956 1100 4020 fr.
1160 3959 1298 4023 241).
1356 3957 1495 4008 Gell.
1536 3975 1587 4008 n.
1628 3976 1676 4009 a.
1715 3958 2029 4023 X15,17
2079 3975 2160 4025 sq.
2216 3960 2389 4010 sine
2446 3959 2667 4024 apice
2704 3997 2716 4010 .
2756 3997 2768 4009 .

549 4059 666 4094 scr
690 4044 704 4093 i
729 4044 890 4109 psit
941 4048 995 4094 et
1046 4044 1156 4094 alia
1208 4042 1478 4110 quaedam
1532 4046 1755 4096 remissa
1794 4046 2080 4110 gratiaque
2120 4045 2331 4112 aliquot
2353 4045 2821 4120 ‘caerimoniarum

548 4129 696 4180 facta
734 4130 950 4181 dicitur.

753 4270 776 4303 4
812 4285 918 4320 non
959 4271 1067 4321 add
1106 4270 1441 4338 Nipperdey,
1476 4286 1561 4322 om
1599 4271 1693 4322 cod
1834 4272 1854 4305 ⁵
1891 4272 2242 4334 incessisset,
2292 4277 2351 4322 ut
2389 4270 2706 4339 Nipperdey
2741 4271 2820 4321 in-

554 4355 808 4406 cessisset
847 4362 899 4406 et
938 4360 995 4406 ut
1034 4357 1128 4407 cod
1249 4356 1292 4390 ¹³
1329 4355 1600 4408 Masurius
1635 4357 1941 4408 Beroaldus
1980 4359 2274 4410 massurius
2316 4355 2826 4420 QZBXOHNY

556 4439 891 4493 massurinus
945 4440 994 4491 T
1031 4441 1300 4493 Masurius
1338 4481 1350 4493 .
1379 4482 1391 4495 .
1424 4481 1437 4494 .
1476 4443 1719 4509 scripsit]
1759 4443 1979 4496 Masuri
2015 4444 2210 4497 Sabini
2244 4443 2332 4497 lib.
2370 4446 2472 4494 inc.
2501 4442 2589 4509 fr.
2625 4443 2695 4492 28
2732 4458 2820 4508 ap.

549 4525 909 4592 Huschkium,
949 4526 1195 4596 Iurispr.
1235 4530 1431 4582 amieis*
1462 4547 1517 4596 p.
1561 4532 1662 4581 128

2904 696 2984 757 34

2866 1651 2922 1693 10

2905 1739 2985 1799 35
