3407 5226
2725 479 2806 545 29

732 669 812 737 de
858 664 1187 759 dignitatis
1246 663 1582 755 gradibus,
1643 665 1874 756 quibus
1934 665 2263 756 pontifices
2321 665 2597 740 minores
2642 676 2809 742 inter

527 801 594 844 se
639 778 1190 862 distinguebantur
1237 776 1347 853 (fr.
1376 777 1513 858 62),
1561 799 1623 861 p.
1658 778 1736 839 14
1784 777 2024 840 dictum
2070 784 2184 843 est.

735 885 862 947 iam
924 890 995 946 ut
1056 882 1137 946 ad
1204 882 1522 963 virginum
1567 880 1926 944 Vestalium
1995 883 2407 947 caerimonias
2473 882 2808 952 commode

530 1009 798 1073 pergere
857 986 1163 1072 possimus
1224 987 1329 1048 via
1389 985 1632 1048 munita
1693 989 1789 1048 est
1833 986 2200 1069 quaestione
2258 974 2450 1071 quam
2511 989 2590 1054 de
2638 991 2807 1055 Gelli

530 1094 675 1157 libri
720 1091 754 1155 I
798 1091 1006 1175 capite
1045 1092 1121 1153 12
1169 1089 1587 1153 instituimus:
1635 1109 1712 1152 ea
1757 1088 1822 1151 id
1869 1088 2191 1154 effecimus
2237 1091 2516 1155 Gellium
2562 1093 2652 1157 ibi
2697 1115 2805 1158 ex·

529 1197 760 1281 pilasse
827 1194 1146 1258 Labeonis
1219 1192 1555 1258 duodecim
1632 1192 1997 1256 tabularum
2070 1198 2565 1278 commentaria,
2639 1198 2808 1262 hunc

529 1320 861 1384 usurpasse
887 1298 1050 1362 Fabi
1082 1298 1350 1362 Pictoris
1381 1298 1460 1361 de
1491 1298 1738 1380 virgine
1770 1297 2079 1381 capienda
2109 1300 2534 1384 expositiones
2565 1302 2674 1383 (fr.
2700 1306 2802 1369 64.

532 1408 611 1469 65
646 1401 871 1486 a—g),
919 1402 1146 1487 quibus
1191 1401 1484 1466 adiunxit
1531 1400 1682 1465 Atei
1729 1401 2053 1485 Capitonis
2099 1406 2599 1488 excusationum,
2645 1429 2808 1492 quae

532 1509 608 1573 fr.
658 1508 740 1570 65
787 1507 832 1587 f,
878 1527 921 1589 g
967 1510 1362 1587 enarrantur,
1408 1506 1925 1589 supplementum
1972 1503 2082 1587 (fr.
2132 1509 2212 1571 65
2245 1505 2340 1590 h).
2410 1517 2663 1594 praeter
2709 1533 2808 1593 ea,

533 1633 696 1696 quae
756 1615 926 1673 certe
990 1608 1193 1673 Fabio
1254 1609 1471 1673 deberi
1533 1608 1807 1685 confido,
1877 1630 1912 1672 e
1972 1608 2289 1675 Labeonis
2355 1615 2808 1680 commentario

534 1715 780 1780 Gellius
811 1713 1160 1796 desumpsit
1192 1711 1270 1775 de
1302 1712 1812 1795 emancipatione
1844 1718 1909 1776 et
1940 1713 2080 1776 iure
2126 1718 2489 1780 testamenti
2534 1718 2810 1782 faciendi

533 1819 796 1902 virginis
840 1816 1120 1880 Vestalis
1162 1816 1371 1879 locum
1419 1814 1528 1896 (fr.
1579 1818 1659 1879 66
1708 1837 1767 1897 a,
1788 1813 1881 1898 b),
1929 1816 2088 1900 legis
2134 1817 2376 1903 Papiae
2423 1820 2501 1884 de
2545 1843 2809 1888 numero

537 1930 600 1987 et
645 1921 972 1986 sortitione
1030 1941 1250 1990 earum
1310 1920 1663 2002 virginum,
1726 1941 1806 1983 ex
1868 1921 2094 2005 quibus
2139 1924 2431 2006 pontifex
2479 1923 2809 1991 Vestalem

537 2047 762 2111 capere
808 2024 1087 2105 deberet,
1133 2024 1521 2088 sanctionem
1560 2022 1668 2105 (fr.
1697 2023 1814 2106 63)
1848 2031 1913 2088 et
1942 2025 2261 2091 Labeonis
2291 2029 2372 2092 ad
2404 2029 2569 2095 hanc
2598 2031 2806 2114 legem

535 2129 1011 2194 adnotationem
1059 2126 1166 2205 (fr.
1215 2126 1347 2206 83),
1394 2126 1665 2210 denique
1711 2127 1790 2190 de
1836 2127 2083 2210 virgine
2130 2128 2409 2211 Vestali,
2470 2153 2633 2216 quae
2677 2156 2809 2198 non

535 2233 719 2297 heres
764 2234 845 2295 sit
891 2231 1183 2315 cuiquam
1229 2231 1529 2294 intestato
1573 2231 1876 2315 cuiusque
1921 2232 2088 2295 bona
2132 2234 2470 2299 intestatae
2506 2237 2571 2299 in
2602 2238 2810 2321 publi-

536 2358 678 2400 cum
723 2334 1114 2417 redigantur,
1161 2333 1652 2417 disputationem
1699 2334 1813 2410 (fr.
1846 2335 1979 2415 68).
2070 2357 2105 2399 e
2151 2337 2378 2420 quibus
2424 2339 2503 2403 fr.
2550 2343 2632 2404 66
2677 2362 2735 2421 a,
2767 2343 2809 2406 b

535 2445 600 2502 et
644 2440 725 2502 68
774 2438 940 2500 inter
970 2436 1289 2518 virginum
1322 2434 1681 2499 Vestalium
1726 2437 1867 2500 iura
1911 2437 1974 2500 in
2025 2438 2202 2503 libris
2247 2440 2327 2504 de
2372 2443 2810 2510 sacerdotibus

537 2542 772 2626 scripta
802 2540 997 2603 fuisse
1028 2540 1166 2623 ipsa
1196 2539 1425 2602 horum
1457 2539 1770 2603 librorum
1800 2546 2030 2604 natura
2060 2547 2251 2627 atque
2281 2544 2523 2610 indoles
2554 2549 2806 2616 suadet:

536 2647 614 2710 de
659 2647 802 2729 1686
833 2645 1057 2728 Papia,
1104 2665 1266 2728 quae
1312 2666 1436 2728 quo
1482 2650 1767 2728 tempore
1812 2645 1944 2708 lata
1989 2646 2070 2709 sit
2114 2648 2477 2732 nescimus1,
2523 2659 2594 2715 ut
2640 2654 2809 2718 idem

537 2756 907 2828 statuamus,
957 2747 1079 2811 hoc
1123 2748 1331 2831 ipsum
1377 2768 1489 2811 nos
1534 2747 1823 2830 impellit,
1871 2748 2039 2831 quod
2086 2770 2162 2813 ea
2205 2752 2488 2832 pontifici
2525 2756 2807 2821 maximo

536 2852 614 2916 de
659 2852 950 2936 captione
994 2851 1258 2933 virginis
1307 2848 1584 2914 Vestalis
1628 2850 2044 2934 praecipitur:
2105 2873 2310 2937 neque
2369 2877 2494 2920 non
2550 2867 2811 2941 possunt

535 2955 861 3039 pontifices
906 2953 971 3016 id
1018 2954 1080 3016 in
1141 2952 1319 3015 libris
1376 2953 1505 3016 suis
1565 2953 1897 3017 adnotasse
1955 2954 2383 3037 sortitionem,
2444 2980 2607 3042 quae
2665 2962 2810 3045 lege

538 3060 743 3142 Papia
786 3057 1353 3141 praescribebatur,
1400 3056 1717 3121 Labeonis
1763 3063 2046 3141 tempore
2076 3080 2201 3123 non
2232 3060 2359 3123 iam
2389 3065 2808 3128 necessariam

542 3160 783 3224 videri²
829 3167 894 3224 et
937 3160 1134 3223 filiam
1181 3182 1219 3223 a
1265 3166 1448 3244 patre
1495 3159 1578 3223 ad
1623 3161 2044 3225 sacerdotium
2078 3162 2379 3240 oblatam,
2426 3165 2602 3229 cuius
2634 3166 2812 3230 dum-

540 3271 720 3328 taxat
751 3264 941 3328 salvis
974 3263 1384 3346 religionibus
1413 3264 1574 3328 ratio
1605 3263 1828 3327 haberi
1874 3266 2092 3348 possit,
2137 3268 2277 3350 capi
2316 3268 2503 3332 licere
2534 3268 2644 3351 (fr.
2672 3268 2809 3352 83).

537 3367 766 3432 deinde
811 3367 892 3430 ad
938 3367 1056 3430 hos
1100 3367 1299 3430 libros
1344 3368 1536 3431 etiam
1581 3374 1995 3452 praeceptum
2040 3368 2378 3434 duodecim
2433 3372 2811 3452 tabularum,

538 3493 660 3556 quo
691 3471 970 3554 virgines
993 3469 1286 3535 Vestales
1331 3493 1370 3535 a
1414 3472 1616 3535 tutela
1642 3472 2115 3553 liberabantur,
2161 3474 2520 3557 pertinebat
2551 3473 2661 3557 (fr.
2697 3476 2811 3560 67)

539 3583 603 3640 et
646 3576 754 3639 lex
800 3596 1011 3656 sacra,
1071 3596 1197 3658 qua
1253 3582 1394 3659 post
1459 3576 1740 3639 officium
1785 3576 2046 3659 triginta
2091 3598 2400 3642 annorum
2446 3578 2814 3645 Vestalibus

537 3679 1026 3763 permittebatur
1088 3677 1440 3743 sacerdotio
1505 3679 1681 3743 abire
1741 3700 1817 3743 ac
1875 3680 2115 3744 nubere
2160 3680 2267 3762 (fr.
2316 3681 2447 3762 69).
2538 3682 2812 3769 denique

535 3782 869 3867 pontifices
936 3783 1100 3845 inter
1168 3782 1485 3865 virginum
1549 3781 1904 3846 Vestalium
1965 3791 2307 3868 praecepta
2365 3807 2545 3849 sacra
2601 3788 2814 3882 legem

537 3907 807 4034 quoqne
844 3886 1178 3949 Horatiam
1241 3885 1557 3970 quandam
1618 3908 1657 3950 a
1702 3888 1913 3951 Gellio
1960 3910 2018 3953 n.
2065 3909 2121 3951 a.
2169 3888 2304 3951 VII
2350 3888 2511 3971 (VI)
2561 3893 2617 3971 7,
2665 3893 2725 3955 2.
2773 3895 2812 3954 4

540 4094 733 4159 quibus
758 4094 1003 4161 pontifici
1026 4094 1264 4146 maximo
1303 4094 1472 4146 semel
1510 4096 1716 4147 nubere
1752 4094 1973 4147 licuisse
2010 4096 2267 4162 refertur,
2305 4114 2340 4148 a
2375 4098 2812 4165 fragmentorum

541 4179 861 4231 collectione
900 4181 1114 4245 seclusi,
1153 4181 1410 4247 quoniam
1437 4181 1809 4233 Tertullianus
1849 4198 2066 4233 errasse
2093 4182 2330 4249 videtur,
2371 4185 2441 4235 cf.
2468 4185 2811 4293 Marquardt,

541 4265 759 4316 Enchir.
797 4267 908 4318 V1²
944 4284 996 4333 p.
1033 4266 1136 4319 328
1174 4284 1254 4334 sq.
1293 4266 1418 4319 adn.
1454 4265 1504 4318 8.

746 4354 763 4385 ¹
801 4352 868 4402 cf.
905 4351 1245 4418 Marquardt,
1283 4353 1504 4404 Enchir.
1544 4353 1654 4404 VI²
1688 4370 1742 4420 p.
1780 4352 1898 4406 337.

746 4437 768 4472 ²
805 4440 910 4489 hoc
947 4438 1090 4489 enim
1115 4437 1427 4491 Labeonem
1464 4440 1532 4492 de
1570 4440 1682 4492 suis
1722 4441 2059 4508 temporibus
2097 4441 2377 4495 rettulisse
2413 4442 2584 4495 verba
2621 4444 2717 4495 sed
2750 4461 2812 4496 ea

537 4527 750 4579 sortitio
787 4540 859 4576 ex
897 4525 1008 4589 leye
1048 4524 1229 4590 Papia
1266 4541 1376 4578 non
1412 4530 1723 4580 necessaria
1760 4544 1943 4580 nunc
1976 4529 2153 4581 videri
2188 4529 2318 4581 solet
2357 4529 2659 4583 declarant.
