3407 5226
2715 487 2788 557 31

526 695 690 763 libro
755 685 1032 759 secundo
1094 696 1166 755 ut
1227 686 1307 754 de
1367 683 1695 752 flaminum
1756 684 2150 753 caerimoniis
2194 686 2282 754 ita
2328 685 2407 754 de
2450 690 2802 773 virginibus

525 800 898 866 Vestalibus
943 795 1289 861 secundum
1336 794 1708 878 pontificum
1754 794 2110 858 doctrinam
2155 795 2401 878 copiose
2439 793 2801 860 disseruisse

525 905 843 992 putandus
888 908 1013 966 est:
1060 899 1252 962 Pauli
1295 919 1446 962 vero
1493 898 1573 961 de
1619 898 1769 980 igne
1813 896 2052 961 Vestae
2111 898 2504 962 interstincto
2549 901 2803 983 exposi-

528 1012 731 1075 tiones
778 1008 872 1092 (p.
928 1007 1070 1083 106,
1117 1003 1194 1066 fr.
1249 1001 1362 1082 79)
1410 1023 1555 1064 cum
1599 1022 1660 1084 p.
1711 1002 1788 1063 57
1838 1024 1889 1064 s.
1936 1023 1995 1065 v.
2040 997 2418 1085 ‘capillatam
2461 1002 2567 1065 vel
2611 1003 2803 1085 capil-

528 1115 728 1177 larem
785 1103 1091 1173 arborem'
1153 1103 1261 1187 (fr.
1312 1104 1419 1181 70)
1448 1104 1500 1185 1,
1545 1104 1717 1168 Fest.
1778 1125 1839 1189 p.
1888 1105 2013 1167 339
2059 1126 2107 1168 s.
2154 1125 2215 1169 v.
2276 1104 2455 1169 ‘senis
2514 1105 2805 1168 crinibus’

529 1217 633 1297 (fr.
684 1217 828 1293 72),
887 1211 1073 1276 Paul.
1121 1232 1184 1294 p.
1233 1212 1274 1271 4
1320 1231 1371 1273 s.
1418 1230 1479 1271 v.
1527 1204 1785 1272 ‘armita’
1832 1207 1942 1289 (fr.
1992 1206 2107 1291 75)
2153 1208 2243 1271 ita
2299 1208 2675 1286 cohaerent,
2735 1214 2805 1272 ut

527 1320 685 1386 haec
730 1316 940 1381 omnia
986 1336 1021 1378 e
1067 1313 1229 1376 libro
1275 1311 1488 1394 aliquo
1530 1310 1609 1374 de
1656 1312 2051 1376 caerimoniis
2096 1312 2413 1393 virginum
2443 1311 2803 1375 Vestalium

528 1421 881 1503 conscripto
913 1424 1218 1499 excerpta
1263 1434 1401 1477 esse
1445 1419 1686 1497 pateat.
1749 1415 1801 1477 is
1845 1414 2006 1477 liber
2050 1434 2305 1497 prorsus
2350 1414 2571 1477 similis
2612 1414 2802 1478 fuisse

528 1526 778 1589 videtur
823 1522 938 1599 illi,
986 1521 1085 1583 cui
1131 1524 1381 1604 partem
1426 1519 1800 1601 glossarum,
1845 1539 2009 1601 quae
2055 1517 2134 1581 de
2178 1517 2433 1581 flamine
2478 1517 2652 1581 Diali
2696 1519 2807 1582 fla-

531 1628 884 1709 minicaque
930 1621 1102 1706 apud
1146 1620 1411 1685 Festum
1457 1619 1859 1703 Paulumque
1926 1626 2110 1702 sunt,
2169 1641 2231 1703 p.
2281 1622 2365 1683 20
2422 1622 2741 1703 assignavi
2757 1620 2805 1687 2.

530 1732 698 1794 illius
742 1749 893 1793 vero
937 1726 1208 1809 generis,
1255 1723 1333 1787 de
1383 1745 1510 1807 quo
1557 1745 1619 1807 p.
1656 1726 1734 1786 17
1769 1745 1861 1807 sq.
1896 1723 2050 1803 dixi,
2098 1722 2441 1787 similitudo
2486 1724 2551 1786 in
2595 1725 2810 1806 glossa

531 1857 593 1919 p.
641 1834 765 1895 348
811 1854 858 1895 s.
905 1851 964 1892 v.
1009 1826 1411 1892 ‘suffibulum'
1458 1826 1563 1907 (fr.
1615 1826 1726 1908 74)
1772 1827 2168 1910 conspicitur.

741 1949 1058 2015 veteribus
1103 1947 1461 2011 Vestalium
1534 1947 1947 2029 religionibus
2004 1945 2338 2028 Augustus
2395 1947 2555 2011 duas
2614 1970 2809 2013 novas

534 2055 796 2136 addidit,
847 2074 991 2116 cum
1022 2073 1080 2115 a.
1113 2074 1174 2136 p.
1206 2050 1277 2115 O.
1313 2053 1351 2113 5
1390 2050 1802 2114 constitueret
1845 2049 2281 2113 libertinorum
2324 2049 2489 2113 filias
2532 2052 2809 2134 virgines

531 2159 825 2223 Vestales
884 2156 1027 2238 capi
1085 2155 1275 2217 licere
1337 2151 1547 2235 (Cass.
1596 2152 1723 2216 Dio
1770 2151 1892 2217 LV
1941 2154 2056 2234 22,
2126 2154 2198 2233 5,
2245 2152 2319 2215 fr.
2369 2152 2484 2235 81)
2530 2160 2595 2219 et
2638 2176 2694 2219 a.
2742 2178 2807 2240 p.

533 2264 604 2329 O.
655 2265 692 2326 9
737 2258 1107 2324 Vestalibus
1169 2258 1266 2320 ius
1323 2257 1515 2320 trium
1572 2256 1917 2319 liberorum
1978 2256 2360 2321 condonaret
2429 2254 2636 2338 (Cass.
2684 2258 2809 2324 Dio

530 2366 689 2431 LVI
740 2367 838 2443 10,
886 2365 946 2444 2,
992 2362 1072 2426 fr.
1120 2362 1252 2442 82).

652 2512 655 2517 ·
738 2486 1130 2567 reliquorum
1174 2482 1571 2546 sacerdotum
1618 2482 2050 2567 publicorum,
2112 2502 2267 2565 quos
2311 2503 2372 2565 p.
2425 2485 2491 2545 11
2549 2504 2807 2548 enume-

535 2591 691 2673 ravi,
739 2590 876 2653 iura
922 2593 986 2651 et
1031 2586 1441 2651 caerimonias
1487 2586 1551 2649 in
1615 2585 1983 2671 pontificum
2032 2585 2112 2650 de
2156 2585 2589 2650 sacerdotibus
2633 2586 2810 2652 libris

534 2696 881 2781 perscripta
927 2692 1119 2756 fuisse
1163 2712 1387 2775 pauca,
1450 2691 1562 2755 sed
1608 2712 1772 2774 quae
1818 2697 1990 2754 certa
2037 2691 2281 2754 ratione
2326 2690 2408 2754 ad
2454 2692 2604 2755 istos
2647 2693 2809 2756 refe-

532 2806 784 2876 rantur,
842 2796 1035 2860 fidem
1095 2795 1355 2859 faciunt.
1446 2794 1684 2859 etenim
1742 2794 1909 2878 quod
1973 2794 2230 2858 Servius
2290 2792 2455 2860 Aen.
2501 2794 2637 2859 XII
2686 2798 2809 2860 120

534 2904 813 2967 affirmat
858 2899 1107 2963 fetiales
1152 2904 1215 2961 et
1260 2905 1518 2982 patrum
1562 2904 1887 2981 patratum
1935 2919 2260 2981 nunquam
2304 2899 2488 2962 lineis
2531 2900 2812 2963 vestibus

536 3029 679 3070 usos
740 3026 874 3069 esse
941 3002 1048 3083 (fr.
1097 3002 1212 3083 84)
1263 3008 1328 3065 et
1371 3000 1635 3085 Dionys.
1683 3001 1834 3065 Hal.
1880 3023 1937 3064 a.
1984 3023 2035 3067 r.
2083 3001 2153 3064 II
2201 3005 2274 3064 71
2343 3002 2539 3065 refert
2603 3000 2811 3067 Salios

536 3109 883 3192 oportuisse
947 3127 1082 3169 esse
1145 3104 1437 3167 homines
1498 3103 1731 3168 liberos
1752 3153 1769 3185 ,
1830 3105 1894 3167 in
1954 3105 2210 3169 civitate
2257 3103 2552 3169 Romana
2610 3114 2810 3186 natos,

539 3211 841 3295 patrimes
872 3208 1318 3290 matrimesque
1351 3205 1460 3288 (fr.
1489 3205 1653 3288 85),
1675 3227 1755 3269 ea
1799 3213 2019 3290 aperte
2064 3208 2216 3271 iuris
2261 3209 2423 3272 sacri
2468 3210 2813 3292 specimina

538 3321 702 3378 sunt.
793 3312 1086 3395 idemque
1132 3310 1301 3374 cadit
1345 3311 1410 3373 in
1456 3332 1550 3388 ea,
1597 3331 1760 3393 quae
1797 3309 2144 3393 Dionysius
2189 3310 2260 3374 II
2307 3313 2383 3374 21
2435 3312 2500 3375 in
2545 3314 2811 3379 curioni-

746 3591 766 3625 1
803 3589 1034 3642 Paulum
1072 3587 1378 3640 Vestalium
1433 3603 1664 3652 nomen,
1738 3587 1884 3653 quod
1934 3585 2081 3652 apud
2134 3587 2358 3639 Festum
2413 3589 2560 3641 haud
2616 3590 2810 3647 deesse
2855 3639 2860 3646 .

537 3677 746 3745 potuit,
798 3676 940 3727 male
996 3673 1247 3724 omisisse
1300 3673 1441 3724 Plin.
1480 3691 1531 3724 n.
1569 3676 1623 3725 h.
1660 3672 1798 3725 XVI
1833 3671 1936 3724 235
1985 3672 2328 3725 demonstrat
2363 3671 2452 3735 (fr.
2491 3675 2610 3739 70):
2666 3678 2812 3743 quod

537 3765 683 3815 idem
719 3761 990 3813 commisit
1024 3777 1059 3826 p
1114 3761 1146 3811 4
1185 3775 1228 3811 e.
1264 3777 1312 3812 v.
1354 3757 1583 3812 ‘armita’
1621 3759 1716 3824 (fr.
1755 3759 1873 3825 75),
1923 3758 2016 3811 ubi
2052 3756 2339 3825 ‘virginem
2376 3761 2812 3828 sacrificantem',

540 3866 679 3917 quae
717 3849 1210 3912 commemoratur,
1248 3846 1530 3898 Vestalem
1569 3862 1690 3898 esse
1730 3864 1763 3898 a
1800 3845 2083 3913 Scaligero
2120 3846 2459 3898 intellectum
2495 3851 2595 3898 est.
2668 3851 2814 3915 quod

539 3934 811 4002 Georgius
849 3933 1122 3985 Wissowa
1177 3933 1232 3983 in
1288 3931 1633 3998 Marquardti
1691 3932 1912 3983 Enchir.
1951 3931 2068 3983 VI²
2106 3949 2159 3998 p.
2197 3932 2301 3985 340
2337 3931 2460 3984 adn.
2497 3935 2529 3984 4
2585 3934 2654 3984 (16
2706 3935 2813 3988 fide

537 4022 696 4073 huius
735 4021 955 4084 glossae
993 4017 1292 4083 dubitavit,
1341 4017 1399 4068 id
1434 4018 1514 4070 ita
1550 4018 1893 4084 probandum
1931 4017 2166 4083 videtur,
2201 4022 2263 4069 ut
2300 4033 2407 4069 vox
2443 4015 2672 4072 ‘armita'
2710 4038 2812 4088 pro

538 4108 791 4158 lemmate
840 4105 1025 4171 posita
1075 4121 1109 4156 a
1158 4104 1499 4156 dubitatione
1550 4104 1888 4170 excipiatur:
1943 4103 2097 4155 Festi
2147 4104 2571 4170 explicationem
2606 4105 2810 4158 Paulus

539 4192 699 4243 facile
736 4190 914 4257 potuit
948 4195 1288 4256 pervertere.

744 4276 766 4309 ²
802 4275 869 4326 de
908 4291 973 4325 eo
1011 4276 1251 4328 certiora
1286 4277 1482 4328 liceret
1518 4280 1791 4338 statuere,
1841 4277 1889 4327 si
1924 4276 2064 4328 Plin.
2104 4294 2153 4327 n.
2192 4278 2245 4328 h.
2282 4275 2419 4328 XVI
2455 4276 2558 4330 235
2594 4276 2682 4339 (fr.
2721 4277 2811 4342 70)

541 4380 576 4414 a
612 4376 717 4427 quo
767 4376 866 4411 sua
914 4362 1237 4428 sumpsisset
1291 4366 1600 4415 constaret:
1637 4364 1949 4415 Varronem
2002 4364 2146 4414 hunc
2182 4363 2372 4427 fuisse,
2427 4363 2529 4415 etsi
2584 4368 2813 4430 propter

537 4447 733 4498 XVIII
775 4446 872 4498 119
909 4446 996 4511 (fr.
1034 4449 1101 4498 24
1138 4448 1192 4513 k,
1230 4451 1297 4500 cf.
1324 4467 1377 4516 p.
1412 4449 1495 4513 16)
1532 4450 1589 4500 in
1624 4449 1862 4516 proclivi
1898 4452 1984 4499 est
2020 4448 2311 4515 suspicari,
2346 4452 2528 4500 tamen
2566 4448 2622 4499 id
2658 4449 2810 4501 nulla

534 4535 750 4588 ratione
788 4533 1051 4585 firmatur.
1700 4525 1701 4528 ¹
