3407 5226
2706 460 2785 530 79

519 661 654 723 tur
698 679 739 722 a
780 651 1233 742 pontifice,
1279 649 1584 739 quibus
1628 671 1800 719 mos
1845 658 2025 720 erat
2067 652 2452 721 tabulam
2497 654 2788 724 felicis

524 764 943 830 materiae
984 759 1306 824 tamdiu
1350 758 1826 838 terebrare,
1872 778 2301 844 quousque
2345 770 2789 849 exceptum

523 872 806 954 ignem
848 866 1124 930 cribro
1171 883 1427 928 aeneo
1474 863 1723 946 virgo
1769 862 1852 926 in
1898 864 2184 928 aedem
2228 866 2519 931 ferret.
2611 868 2785 934 Plut.

523 974 716 1038 Num.
766 974 804 1034 9
850 966 961 1033 ἐάν
1006 967 1070 1031 δὲ
1110 964 1235 1030 ὑπό
1282 965 1478 1048 τύχης
1522 962 1682 1041 τινός
1727 966 1943 1053 ἐκλίπῃ
1985 966 2110 1049 [sc.
2142 970 2313 1052 iynis
2353 967 2638 1050 Vestae),
2672 1023 2687 1037 .
2721 1022 2736 1037 .
2772 1002 2790 1035 .·

526 1079 723 1163 φασὶ
766 1072 873 1155 μή
918 1076 1082 1137 δεῖν
1127 1069 1280 1134 ἀπὸ
1326 1068 1608 1151 ἑτέρου
1653 1069 1911 1155 πυρός
1955 1070 2442 1152 ἐναύεσθαι,
2508 1074 2790 1140 καινὸν
2833 1095 2860 1137 5

524 1183 606 1246 δὲ
650 1185 908 1244 ποιεῖν
951 1179 1080 1241 καὶ
1123 1174 1301 1239 νέον
1348 1224 1362 1238 .
1410 1224 1425 1239 .
1474 1222 1487 1237 .
1540 1177 1618 1239 10
1663 1172 1992 1250 κόλασις
2037 1175 2119 1240 δὲ
2162 1183 2313 1241 τῶν
2352 1178 2491 1258 μὲν
2535 1177 2793 1246 ἄλλων

525 1281 1126 1370 ἁμαρτημάτων
1169 1281 1464 1362 πληγαὶ
1515 1284 1680 1355 ταῖς
1726 1277 2185 1360 παρθένοις,
2230 1289 2370 1344 τοῦ
2412 1284 2793 1365 μεγίστου

527 1390 1018 1472 ποντίφικος
1078 1383 1589 1487 κολαὲζοντος
1651 1381 1867 1446 ἔστιν
1930 1379 2067 1446 ὅτε
2110 1388 2242 1447 καὶ
2286 1386 2606 1471 γυμνήν
2651 1388 2794 1469 τήν

528 1487 1256 1575 πλημμελήσασαυ
1333 1485 1644 1571 ὀθόνης
1703 1488 1780 1550 ἐν
1835 1489 2228 1576 παλισκίῳ
2304 1517 2793 1573 παρατεινο-

522 1624 788 1680 μενης

730 1719 901 1782 Plut.
947 1716 1136 1780 Num.
1187 1718 1265 1778 10
1324 1711 1363 1796 ἦ
1425 1713 1489 1777 δὲ
1547 1710 1661 1795 τήν
1717 1713 2067 1797 παρθενίαν
2119 1715 2579 1807 καταισχύνασα
2630 1720 2794 1797 ζῶσα

732 1929 802 1982 80
871 1930 1014 1982 Plut.
1053 1926 1232 1979 Numa
1270 1924 1336 1976 10
1370 1923 1565 1985 κόλασις
1615 1926 1673 1975 δε
1719 1925 1818 1978 τῶν
1858 1930 1948 1991 μὲν
1996 1926 2152 1978 ἄλλων
2195 1923 2565 1995 ἆμαρτημᾰτων
2608 1935 2791 2000 πληγαὶ

528 2029 636 2081 ταῖς
670 2021 967 2086 παρθένοις,
1019 2014 1114 2067 τοῦ
1146 2019 1389 2084 μεγίστου
1425 2022 1719 2079 ποντίφικος
1754 2016 2052 2075 κολάζοντος
2086 2017 2218 2065 ἔστιν
2252 2018 2340 2065 ὅτε
2374 2021 2453 2066 καὶ
2490 2015 2671 2084 γυμνήν
2704 2015 2795 2084 τήν

534 2106 939 2176 πλημμελη’σασαν
995 2100 1179 2167 όθόνης
1213 2101 1265 2152 ἔν
1301 2105 1535 2168 παλισκίῳ
1594 2109 2012 2167 παρατεινομένης
2071 2098 2166 2163 (cs.
2192 2100 2281 2165 fr.
2319 2101 2426 2165 79).
2479 2102 2511 2171 ἦ
2564 2104 2630 2155 δὲ
2681 2103 2794 2169 τήν

530 2201 908 2262 παρθενίαν
943 2227 955 2239 .
996 2226 1009 2239 .
1049 2226 1062 2239 .
1099 2193 1480 2252 κατηφείας.
1553 2184 1675 2237 ουδὲ
1712 2187 1846 2237 ἔστὶν
1881 2187 2052 2253 ἕτερον
2104 2189 2273 2253 θέαμα
2322 2186 2638 2256 φρικτότερον
2682 2188 2793 2242 οὔδ’

530 2278 716 2348 ἡμέραν
752 2275 782 2345 ἦ
820 2272 962 2335 πόλις
1007 2275 1155 2339 ἄλλην
1202 2274 1309 2343 ἄγει
1358 2272 1689 2341 στυγνοτὲραν
1738 2273 1928 2337 ἓκείνης.
2012 2277 2175 2325 ὅταν
2211 2274 2281 2325 δὲ
2322 2272 2483 2344 πρός
2519 2313 2532 2325 .
2572 2313 2585 2326 .
2625 2314 2639 2326 .
2673 2274 2795 2332 ,τόν

529 2366 757 2420 τόπον.
829 2363 902 2414 id.
940 2378 990 2429 q.
1028 2378 1072 2412 r.
1108 2358 1178 2413 96
1213 2358 1296 2412 dui
1333 2360 1385 2412 τί
1420 2363 1523 2413 τῶν
1559 2360 1796 2428 παναγῶν
1832 2359 2102 2427 παρθένων
2138 2359 2226 2420 τιὲς
2262 2362 2613 2428 διαφθαρείσας
2646 2365 2794 2421 ἄλλως

529 2453 590 2506 οὖ
628 2450 924 2512 κολάζουσιν,
961 2446 1079 2499 ἄλλα
1118 2445 1272 2507 ζώσας
1319 2449 1737 2513 κατορύττουσιν;
1777 2485 1790 2497 .
1830 2484 1843 2497 .
1881 2485 1894 2497 .
1933 2447 1964 2511 ἢ
2002 2446 2139 2513 σῶμα
2184 2456 2292 2508 ταῖς
2337 2455 2582 2518 μεγίσταις
2618 2459 2794 2501 καθω-

531 2535 1054 2606 σιωμὲνονᾶγιστείαις
1088 2532 1291 2602 ἇναιρεῖν
1325 2539 1405 2585 καὶ
1443 2535 1731 2601 προσφέρειν
1765 2533 1871 2602 ἴερᾷ
1906 2540 2093 2602 γυναικὶ
2127 2542 2294 2604 χεῖρας
2330 2532 2392 2586 οὖ
2426 2533 2645 2603 θεμιτόν
2679 2538 2795 2590 ἓνό-

527 2631 697 2693 μιζον;
745 2622 899 2691 αὖτῆν
944 2621 1033 2675 οὖν
1077 2621 1362 2674 οἷποθανεῖν
1406 2624 1756 2689 μηχανώμενοι
1810 2621 1875 2671 δι’
1911 2620 2063 2686 αὗτῆς
2096 2628 2427 2687 κατεβίβαζον
2460 2621 2566 2677 ’ὗπό
2603 2626 2695 2694 γῆν
2731 2627 2797 2680 εἷς

531 2721 707 2780 οἴκημα
743 2708 1099 2777 πεποιημένον,
1136 2712 1273 2762 ὅπου
1307 2714 1389 2760 καὶ
1423 2706 1601 2777 λύχνος
1654 2711 1814 2760 ἔκειτο
1851 2712 2102 2774 καιόμενος
2137 2715 2219 2760 καὶ
2255 2713 2403 2776 ἄρτος
2437 2718 2516 2762 καὶ
2553 2708 2797 2782 γάλακτός

530 2823 578 2852 τι
615 2807 693 2852 καὶ
730 2800 930 2857 ὕδατος.
1003 2798 1109 2848 εἶτα
1145 2796 1208 2865 γῇ
1250 2794 1310 2854 τό
1363 2800 1542 2862 οἴκημα
1578 2797 1924 2863 κατέκρυπτον
1971 2801 2186 2848 ἄνωθεν.
2257 2795 2485 2863 Dionys.
2521 2796 2700 2849 Halic.
2739 2797 2797 2849 ῙῙ

527 2887 593 2939 67
630 2893 848 2954 τιμωρίαι
884 2923 897 2936 .
937 2924 949 2935 .
988 2885 1071 2937 ἔπὶ
1108 2892 1213 2942 τοῖς
1249 2879 1667 2951 ἇμαρτανομὲνοις
1701 2891 1883 2935 κεῖνται
1928 2881 2165 2952 μεγάλαι,
2219 2882 2289 2935 ὦν
2324 2885 2583 2944 ἐξετασταί
2611 2908 2668 2937 τε
2702 2909 2795 2937 κο-

528 2981 699 3038 λασταὶ
739 2972 866 3025 κατά
903 2976 1053 3036 νόμον
1086 2973 1209 3022 εἰσὶν
1244 2971 1291 3022 οἷ
1342 2971 1659 3038 ἱεροφάνται,
1711 2967 1800 3028 τοὶς
1832 2974 1927 3036 μὲν
1961 2974 2075 3021 ἄλλο
2111 2993 2158 3022 τι
2194 2971 2292 3023 τῶν
2326 2970 2606 3024 ἕλαττόνων
2637 2970 2795 3042 ἆμαρ·

528 3066 769 3116 τανούσας
803 3060 1009 3130 ῥάβδοις
1047 3056 1427 3126 μαστιγοῦντες,
1476 3054 1564 3110 τας
1599 3057 1656 3108 δὲ
1690 3062 1963 3125 φθαρείσας
1997 3058 2235 3127 αἶσχίστῳ
2271 3078 2327 3110 τε
2360 3065 2440 3110 καὶ
2480 3060 2793 3130 ἐλεεινοτάτῳ

531 3147 885 3217 παραδιδόντες
933 3147 1155 3213 θανάτῳ.
1231 3145 1378 3205 ζῶσαι
1428 3141 1519 3213 γιὶρ
1566 3147 1637 3194 ἔτι
1681 3146 2023 3210 πομπεύουσιν
2071 3145 2154 3195 ἓπὶ
2205 3150 2356 3211 κλίνης
2402 3150 2657 3215 φερόμεναι
2704 3146 2797 3213 τήν

526 3231 946 3304 α’ποδεδειγμὲνην
981 3242 1086 3292 τοῖς
1134 3240 1318 3300 νεκροῖς
1365 3231 1594 3299 ἓκφοροὶν,
1641 3228 2038 3301 α’νακλαιομένων
2084 3229 2237 3292 αὖτοῖς
2272 3239 2351 3284 καὶ
2388 3232 2798 3300 προπεμπόντων

530 3328 682 3388 φίλων
717 3343 773 3373 τε
809 3327 887 3372 καὶ
925 3319 1203 3389 συγγενῶν,
1250 3325 1564 3384 κομισθεῖσαι
1601 3319 1657 3369 δὲ
1699 3319 1848 3389 μέχρι
1897 3313 1983 3385 ‘tt-79
2018 3325 2253 3385 Κολλίνης
2300 3325 2478 3385 πύλης,
2527 3319 2661 3380 ἕντὸς
2704 3322 2797 3373 τοῦ

528 3417 722 3479 τείχους
757 3410 820 3467 εἷς
857 3405 1003 3473 σηκὸν
1038 3403 1140 3459 15πὸ
1178 3407 1262 3477 γῆς
1303 3408 1756 3474 κατεσκευασμένον
1790 3410 1895 3475 ἅμα
1928 3416 2034 3466 τοῖς
2057 3408 2307 3472 ἓνταφίοις
2330 3412 2531 3476 κόσμοις
2566 3416 2795 3461 τίθενται

528 3503 606 3549 καὶ
647 3494 751 3548 οὔτ’
786 3492 1122 3561 ἐπιστήματος
1171 3491 1280 3545 οὔτ’
1315 3493 1584 3563 ἔναγισμῶν
1629 3491 1742 3545 οὔτ’
1776 3497 1923 3545 ἄλλου
1960 3494 2064 3545 τῶν
2101 3501 2318 3561 νομίμων
2357 3493 2560 3554 οὐδενός
2595 3492 2797 3565 τυγχιί-

531 3605 682 3635 νουσι.
753 3581 901 3632 Fest.
939 3598 994 3648 p.
1031 3578 1134 3632 333
1170 3580 1471 3631 sceleratus
1522 3594 1747 3645 campus
1796 3575 2135 3646 app[ellatu1·
2184 3596 2360 3647 prope
2394 3585 2609 3648 portam
2648 3578 2797 3646 Col]-

528 3669 726 3734 linam,
776 3669 832 3719 in
883 3683 989 3735 quo
1032 3663 1300 3733 virgin[es
1338 3666 1624 3732 Vestale8‚
1679 3682 1820 3732 quae
1873 3663 2161 3732 incestum]
2215 3667 2493 3732 fecerunt,
2543 3668 2797 3720 defossae

533 3760 658 3807 sunt
693 3751 920 3821 v[ivae].
994 3753 1150 3805 Paul.
1187 3769 1242 3819 p.
1279 3750 1381 3805 332
1418 3751 1722 3804 sceleratus
1773 3768 1998 3819 campus
2036 3754 2347 3820 appellatur
2385 3754 2633 3821 proxime
2667 3770 2796 3821 por-

531 3847 643 3894 tam
669 3839 953 3905 Collinam,
985 3840 1041 3892 in
1069 3855 1174 3905 quo
1201 3837 1443 3905 virgines
1470 3837 1743 3903 Vestales,
1781 3855 1922 3906 quae
1948 3839 2216 3892 incestum
2241 3840 2506 3905 fecerunt,
2543 3839 2797 3892 defossae

531 3930 672 3979 sunt.
745 3925 896 3978 Serv.
934 3925 1070 3977 Aen.
1113 3923 1196 3975 XI
1231 3923 1334 3977 5206
1370 3925 1732 3992 imperatores
1783 3929 1839 3976 et
1876 3925 2121 3993 virgines
2158 3926 2381 3990 Vestae,
2418 3925 2547 3992 quia
2582 3926 2796 3994 legibus

530 4030 639 4065 non
675 4016 947 4076 tenentur,
983 4011 1041 4062 in
1075 4010 1300 4063 civitate
1338 4011 1545 4063 habent
1581 4011 1854 4078 sepulcra.
1916 4012 2148 4079 denique
2189 4012 2353 4064 etiam
2391 4016 2648 4064 nocentes
2685 4013 2795 4065 vir-

531 4101 689 4166 gines
725 4099 963 4164 Vestae,
1014 4096 1167 4165 [quia
1202 4098 1417 4165 legibus
1454 4114 1565 4149 11011
1601 4101 1857 4150 10110111111
1894 4096 2030 4160 (add
2068 4095 2383 4163 Interpol.)]
2405 4137 2420 4165 ,
2455 4098 2586 4150 lieet
2622 4098 2797 4160 vivae,

531 4189 714 4237 tamen
751 4186 896 4237 intra
930 4186 1119 4238 urbem
1155 4185 1211 4236 in
1249 4201 1443 4251 campo
1481 4185 1753 4236 scelerato
1791 4184 2179 4236 obruebantur.
2227 4181 2344 4237 Liv.
2373 4185 2510 4237 VIII
2542 4187 2619 4252 15,
2656 4187 2687 4238 7
2714 4203 2794 4256 sq.

530 4269 803 4336 (417s837)
840 4288 905 4323 eo
943 4289 1084 4324 anno
1120 4272 1360 4324 Minucia
1386 4271 1648 4336 Vestalis,
1685 4274 1944 4337 suspecta
1980 4270 2154 4336 primo
2193 4275 2421 4339 propter
2457 4273 2796 4324 mundiorem

528 4357 673 4409 iusto
710 4359 942 4423 cultum,
993 4359 1305 4412 insimulata
1355 4358 1552 4410 deinde
1592 4356 1740 4424 apud
1775 4356 2062 4424 pontifices
2101 4357 2167 4408 ab
2206 4358 2383 4411 indice
2433 4374 2623 4421 servo,
2674 4375 2796 4411 cum

531 4442 751 4494 decreto
802 4460 990 4496 eorum
1039 4446 1187 4498 iussa
1236 4449 1383 4496 esset
1431 4444 1604 4496 saeris
1660 4443 1939 4495 abstinere
1997 4442 2365 4510 familiamque
2416 4444 2469 4495 in
2514 4448 2795 4512 potestate

529 4530 764 4595 habere,
814 4532 961 4583 facto
1005 4532 1206 4584 iudicio
1245 4532 1372 4583 viva
1409 4532 1506 4583 sub
1545 4536 1752 4582 terram
1789 4529 1859 4580 ad
1897 4532 2113 4595 portam
2151 4529 2417 4583 Collinam
2456 4536 2614 4585 extra
2652 4533 2798 4584 viam

2841 1631 2893 1676 10

2874 1724 2958 1786 80
