3407 5226
750 498 831 566 32

746 693 864 756 bus
926 702 1269 774 eorumque
1329 681 1596 752 camillis
1654 681 1891 770 requiri
1950 692 2166 750 narrat
2214 680 2321 760 (fr.
2376 685 2483 762 86)
2510 684 2547 747 1.
2637 681 2735 749 his
2781 681 3022 750 accedit

747 795 826 860 de
874 790 1222 877 auguribus
1267 794 1507 857 sanctio
1546 813 1585 855 a
1617 791 1963 854 Plutarcho
2010 812 2066 874 q.
2109 812 2159 854 r.
2211 793 2289 853 73
2336 796 2608 871 servata,
2655 809 2782 872 qua
2825 809 3021 871 augu-

744 898 919 961 ribus
964 894 1492 967 interdicebatur,
1563 914 1643 957 ne
1689 893 1953 956 vulnere
1998 892 2308 976 inquinati
2354 892 2860 975 auspicarentur:
2908 891 3026 955 hoc

745 1022 882 1065 esse
927 999 1287 1084 pontificale
1332 1005 1747 1082 praeceptum
1792 1003 1864 1060 ut
1911 995 2199 1075 credam,
2260 995 2543 1058 adducor
2589 994 2916 1059 Plutarchi
2964 1015 3023 1078 q.

745 1126 793 1168 r.
827 1105 909 1167 38
943 1101 1043 1166 διοὶ
1074 1101 1138 1165 τί
1170 1100 1431 1177 Κόιντος
1464 1099 1807 1183 Μέτελλος,
1855 1097 1892 1161 ἆ
1914 1123 2135 1183 ρχιερ
2156 1097 2238 1161 ετ)
2252 1125 2286 1174 ς
2329 1097 2651 1179 γενόμενος
2686 1100 2783 1160 καὶ
2832 1092 3025 1160 τᾶλλα

748 1210 940 1271 δοκῶν
985 1202 1295 1289 φρόνιμος
1341 1200 1492 1268 εἶναι
1538 1205 1635 1266 καὶ
1682 1201 1986 1278 πολιτικός
2029 1198 2186 1281 ἆνὴρ
2232 1201 2591 1265 ἐκώλυεν
2634 1201 3024 1276 οἰωνίζεσθαι

745 1308 905 1389 ,aad
949 1306 1058 1370 τόν
1113 1307 1425 1382 Σεξτίλιον
1470 1312 1637 1385 μῆνα
1684 1303 1795 1368 τόν
1839 1311 1948 1367 νῦν
1983 1301 2340 1384 Αὔγουστον
2387 1301 3023 1387 προςαγορευόμεωνς

747 1413 962 1495 itaque
1009 1410 1089 1473 de
1135 1409 1480 1492 auguribus
1524 1408 1880 1493 pontificios
1925 1407 2005 1470 de
2051 1406 2482 1470 sacerdotibus
2526 1407 2795 1491 publicis
2826 1410 3024 1475 libros

751 1516 926 1598 leges
990 1534 1200 1577 sacras
1262 1512 1625 1595 complexos
1672 1532 1808 1574 esse
1854 1510 1989 1573 veri
2036 1516 2130 1573 est
2174 1510 2584 1574 simillimum.
2674 1533 2837 1595 quae
2883 1536 3026 1577 cum

748 1620 838 1681 ita
880 1618 1039 1695 sint,
1100 1615 1181 1679 ab
1227 1615 1324 1679 his
1369 1615 1545 1678 libris
1609 1614 1955 1698 epulonum
2004 1632 2296 1695 quoque,
2361 1611 2631 1676 fratrum
2693 1616 3023 1697 arvalium,

749 1722 1185 1806 lupercorum,
1233 1719 1626 1782 tribunorum
1674 1718 1952 1781 celerum
1975 1764 1990 1794 ,
2036 1715 2350 1779 sodalium
2400 1716 2708 1781 Titiorum
2754 1718 3026 1804 descrip-

749 1826 991 1889 tionem
1040 1824 1176 1886 iure
1207 1822 1554 1905 poscimus:
1603 1821 1781 1884 cuius
1812 1818 1982 1903 quod
2014 1819 2172 1882 nihil
2202 1818 2372 1902 apud
2412 1820 2745 1903 scriptores
2775 1823 3027 1901 resedit,

752 1927 939 1992 valde
984 1932 1079 1991 est
1124 1925 1486 1991 dolendum.
2621 1946 2624 1949 ’

937 2031 1086 2094 'iam
1129 2030 1180 2092 si
1226 2028 1292 2091 in
1350 2028 1475 2091 fine
1539 2028 1924 2111 quaestionis
1987 2047 2063 2090 ea
2086 2075 2102 2108 ,
2167 2047 2329 2110 quae
2393 2026 2753 2110 effecimus,
2818 2031 3027 2094 animo

751 2135 1231 2219 perlustramus,
1277 2132 1343 2195 in
1388 2131 1730 2215 pontificiis
1777 2130 1856 2193 de
1901 2129 2329 2194 sacerdotibus
2374 2130 2641 2213 publicis
2685 2131 2860 2196 libris
2892 2133 3029 2216 dig-

752 2238 967 2301 nitatis
1014 2235 1420 2299 sacerdotalis
1464 2233 1735 2316 graduS,
1781 2233 2154 2316 religiones,
2200 2233 2541 2313 cautioneS,
2590 2235 3028 2318 caerimonias,

750 2342 891 2404 iura
935 2338 1333 2402 sacerdotum
1378 2337 1467 2399 ita
1512 2337 1865 2420 perscripta
1909 2335 2102 2398 fuisse
2149 2334 2541 2418 patefactum
2590 2341 2704 2417 est,
2749 2343 2821 2400 ut
2866 2359 3028 2422 quae

750 2445 816 2507 in
864 2442 1157 2506 omnibus
1215 2441 1500 2504 valerent
1563 2439 1949 2523 promiscue,
2015 2459 2179 2522 quae
2239 2438 2320 2501 ad
2380 2439 2630 2521 singula
2676 2442 3026 2505 sacerdotia

751 2547 1144 2632 pertinerent
1234 2564 1347 2628 per
1443 2542 1600 2606 haec
1694 2541 1943 2626 digesta
2038 2546 2351 2606 extarent.
2463 2542 2658 2605 talem
2753 2544 3028 2629 descrip-

752 2653 987 2715 tionem
1034 2648 1374 2711 verisimile
1421 2654 1516 2711 est
1559 2648 1650 2710 ita
1696 2646 2046 2730 perfectam
2090 2666 2261 2727 esse,
2324 2651 2396 2708 ut
2459 2646 2635 2728 leges
2698 2669 2913 2711 sacrae
2963 2649 3028 2712 in

753 2753 1124 2838 pontificum
1169 2750 1433 2833 collegio
1479 2751 1784 2813 memoria
1829 2750 2031 2833 primo
2077 2750 2369 2833 proditae
2415 2749 2756 2833 aliquando
2803 2750 3030 2814 litteris

754 2855 1226 2935 mandarentur,
1273 2853 1504 2917 deinde
1548 2874 1757 2917 novae
1801 2853 2140 2935 religiones
2185 2853 2317 2916 sive
2362 2853 2728 2937 pontificum
2760 2853 3030 2918 decretis

756 2959 890 3023 sive
935 2957 1184 3040 legibus
1243 2956 1510 3040 publicis
1571 2956 1948 3020 constitutae
1979 2955 2432 3020 edicerentur.
2523 2956 2605 3019 ad
2668 2957 2781 3021 hos
2838 2958 3032 3022 libros

756 3083 911 3126 cave
943 3062 1182 3125 referas
1213 3082 1552 3141 sacrorum,
1585 3081 1749 3143 quae
1780 3060 2045 3142 singulis
2076 3059 2443 3136 sacerdotiis
2472 3060 2801 3124 sollemnia
2832 3069 3031 3144 erant,

757 3166 1274 3249 descriptionem:
1323 3165 1520 3228 veluti
1552 3163 1759 3227 Varro
1805 3164 1975 3247 apud
2005 3162 2171 3227 Non.
2205 3185 2266 3247 p.
2301 3165 2446 3244 223,
2494 3166 2571 3226 16
2619 3170 2683 3228 et
2714 3165 3032 3228 Veranius

756 3270 926 3354 apud
973 3268 1142 3331 Fest.
1189 3289 1252 3352 p.
1305 3269 1425 3330 158
1475 3290 1520 3330 s.
1568 3289 1629 3331 v.
1676 3263 1939 3330 ‘muries'
2000 3273 2294 3329 accurate
2352 3274 2817 3350 exposuerunt,
2880 3289 3031 3351 quo-

756 3373 947 3436 modo
1007 3373 1238 3434 muries
1300 3372 1438 3434 fieri
1502 3370 1796 3451 deberet,
1862 3377 1926 3434 et
1989 3370 2295 3454 Interpol.
2345 3369 2521 3434 Serv.
2571 3372 2685 3435 ecl.
2734 3370 2902 3434 VIII
2947 3374 3029 3435 82

756 3476 908 3539 iuris
953 3476 1113 3539 sacri
1159 3474 1238 3538 de
1286 3475 1457 3538 mola
1501 3475 1668 3538 salsa
1714 3474 2099 3538 conficienda
2129 3481 2471 3558 praecepta
2502 3476 2809 3558 exposuit.
2878 3476 3034 3538 haec

702 3641 705 3646 .
756 3600 906 3647 vero
955 3600 1077 3642 non
1122 3579 1317 3656 libris,
1364 3578 1471 3661 qui
1516 3583 1697 3642 erant
1745 3577 1823 3641 de
1870 3578 2321 3658 sacerdotibus,
2371 3579 2704 3642 convenire
2735 3584 2889 3662 puto
2920 3579 3031 3642 sed

755 3682 930 3745 libris
978 3681 1355 3766 quibusdam
1400 3681 1508 3765 qui
1553 3703 1873 3745 sacrorum
1922 3681 2278 3745 Vestalium
2337 3681 2821 3765 descriptionem
2866 3703 3031 3745 com-

755 3785 1215 3870 plectebantur.
1291 3784 1504 3868 itaque
1550 3785 1743 3848 fuisse
1789 3786 2081 3849 existimo
2127 3806 2254 3847 non
2302 3785 2502 3848 solum
2549 3787 3029 3849 commentarios

755 3909 1076 3953 sacrorum
1122 3888 1612 3973 pontificalium,
1660 3887 1739 3951 de
1785 3890 2012 3971 quibus
2057 3909 2118 3971 p.
2154 3890 2191 3949 6
2238 3888 2393 3969 dixi,
2439 3888 2549 3951 sed
2595 3889 2786 3951 etiam
2832 3887 3031 3950 libros

755 3994 978 4077 quibus
1041 4014 1220 4055 sacra
1287 3998 1642 4056 ceterorum
1714 3991 2111 4055 sacerdotum
2178 3991 2724 4055 describebantur:
2793 4012 2876 4054 ex
2937 3991 3033 4054 his

755 4095 1050 4160 videntur
1096 4117 1171 4159 ea
1214 4097 1506 4175 fluxisse,
1567 4116 1730 4179 quae
1778 4117 1831 4159 e.
1881 4117 1943 4178 g.
1992 4096 2071 4159 de
2117 4097 2304 4178 regis,
2351 4096 2644 4177 reginae,
2684 4095 3033 4175 flaminum,

753 4199 1073 4281 virginum
1119 4199 1479 4263 Vestalium
1525 4200 1718 4263 sacris
1765 4200 2192 4262 innotuerunt.

967 4342 981 4373 ¹
1020 4338 1315 4406 Dionysius
1353 4354 1411 4390 se
1449 4339 1505 4389 in
1544 4336 1925 4389 describendis
1965 4336 2290 4389 sacerdotiis
2310 4336 2681 4389 Romanorum
2719 4336 2786 4400 (c.
2826 4337 2907 4390 21.
2947 4336 3029 4388 22.

757 4424 840 4477 63.
866 4424 948 4476 64.
975 4423 1058 4477 70.
1085 4426 1167 4477 71.
1194 4426 1277 4477 72.
1303 4424 1391 4490 73)
1417 4425 1686 4477 Varronis
1715 4424 2077 4490 antiquitates
2115 4440 2299 4475 rerum
2354 4422 2664 4475 divinarum
2719 4424 3032 4476 exscribere

756 4511 876 4579 ipse
914 4526 958 4562 c.
996 4510 1060 4565 21
1101 4512 1385 4579 professus
1441 4514 1554 4562 est:
1609 4516 1731 4580 λέγω
1778 4513 1837 4561 δὲ
1880 4510 1913 4562 ἃ
1972 4516 2220 4577 Τερέντιος
2276 4507 2514 4580 Οὖάρρι.)ν
2567 4512 2619 4562 ἐν
2673 4510 3035 4580 ἆρχαιολογίαις

760 4606 1018 4670 γέγραφεν.
