3407 5226
2711 412 2786 473 71

529 608 846 690 sepultum
908 609 1352 691 relinquerent.
1444 608 1526 671 ib.
1569 608 1673 671 III
1740 612 1820 670 64
1885 609 2072 670 moris
2122 656 2135 669 .
2187 656 2200 668 .
2248 605 2521 669 Romani
2585 604 2790 667 fuerat

472 696 473 701 ἵ
530 732 777 774 ramum
839 712 1115 795 cupressi
1176 718 1323 775 ante
1382 711 1637 775 domum
1701 713 2019 776 funestam
2080 711 2261 794 poni,
2327 730 2405 772 ne
2465 709 2791 792 quisquam

531 814 909 897 pontifex
959 835 1100 898 per
1146 815 1717 897 ignorantiam
1761 815 2292 899 pollueretur
2336 814 2788 895 ingressus.

737 916 906 982 Fest.
964 939 1025 1001 p.
1090 921 1206 982 161
1275 920 1696 983 minorum
1771 919 2299 1004 pontificum
2373 918 2789 981 maximus
2836 909 2917 971 62

532 1021 794 1103 dicitur,
861 1023 1001 1106 qui
1063 1024 1387 1107 primus
1431 1024 1514 1086 in
1559 1023 1638 1087 id
1702 1024 2179 1107 collegium
2241 1023 2520 1103 venit,
2584 1023 2790 1084 item
2833 1033 2859 1073 5

534 1128 968 1208 minimus,
1013 1129 1155 1212 qui
1200 1128 1748 1191 novissimus.

888 1420 1008 1485 DE
1052 1420 1674 1486 PONTIFICIBUS
1722 1419 2441 1484 SUPPLEMENTUM

739 1612 904 1676 Gell.
950 1634 1011 1675 n.
1059 1634 1117 1675 a.
1164 1612 1198 1675 Ι
1246 1614 1345 1692 12,
1396 1614 1496 1675 15.
1548 1614 1622 1675 17
1670 1612 1955 1696 plerique
2001 1617 2216 1674 autem
2262 1610 2439 1695 capi
2483 1610 2795 1693 virginem

534 1713 645 1797 (sc.
691 1712 1023 1795 Vestalem)
1069 1715 1265 1779 solam
1314 1714 1544 1778 debere
1589 1714 1712 1778 dici
1760 1720 1998 1798 putant.
2061 1713 2169 1777 sed
2216 1713 2502 1777 flamines
2546 1734 2794 1797 quoque

534 1819 769 1897 Diales,
816 1820 966 1882 item
1010 1818 1496 1903 pontifices
1556 1825 1620 1882 et
1674 1839 1947 1901 augures
1992 1819 2185 1902 capi
2229 1816 2599 1881 dicebantur
2646 1868 2659 1881 .
2710 1866 2724 1880 .
2776 1869 2789 1882 .
2837 1849 2894 1890 10

534 1923 618 1987 M.
669 1921 829 1986 Cato
877 1922 955 1986 de
1000 1921 1341 2001 LusitaniS,
1387 1943 1528 1985 cum
1575 1923 1710 1986 Ser.
1759 1923 2032 1987 Galbam
2076 1922 2392 1986 accusavit
2434 1920 2568 2004 [M.
2601 1921 2795 1984 Porci

536 2025 792 2090 Catonis
837 2026 911 2089 de
954 2025 1288 2089 Lusitanis
1333 2047 1425 2090 or.
1461 2047 1532 2109 p.
1581 2027 1709 2088 123
1751 2025 1845 2090 Η.
1891 2025 2154 2109 Meyer2
2201 2054 2279 2077 =
2328 2026 2489 2109 oriq.
2522 2024 2625 2090 lib.
2657 2022 2800 2087 VII

524 2131 623 2213 fr.
671 2131 761 2193 27
798 2151 864 2213 p.
912 2131 956 2191 2
1007 2127 1222 2211 Iord.;
1253 2129 1359 2212 fr.
1393 2130 1518 2191 109
1560 2152 1624 2212 p.
1675 2130 1763 2192 88
1807 2127 2066 2211 Peter]:
2113 2130 2338 2193 ‘tamen
2383 2129 2598 2193 dicunt
2644 2128 2793 2192 defi-

534 2257 674 2299 cere
721 2235 1009 2298 voluisse.
1072 2255 1190 2317 ego
1239 2255 1338 2297 me
1385 2255 1551 2297 nunc
1596 2235 1738 2298 volo
1784 2235 1880 2297 ius
1910 2234 2297 2318 pontificium
2332 2234 2569 2316 optime
2600 2233 2789 2297 scire:

534 2341 741 2402 iamne
786 2360 860 2402 ea
907 2360 1094 2401 causa
1139 2337 1425 2422 pontifex
1474 2335 1832 2422 capiar’?
1877 2359 1923 2401 e.
1970 2359 2026 2421 q.
2075 2359 2124 2401 8.
2157 2337 2299 2402 Liv.
2332 2336 2531 2400 XXX
2576 2339 2678 2416 26,
2716 2340 2793 2401 10
2839 2365 2894 2408 15

536 2464 737 2525 augur
799 2443 864 2504 in
927 2443 1128 2505 locum
1192 2443 1326 2506 eius
1373 2441 1487 2523 (sc.
1536 2443 1606 2522 Q.
1652 2441 1821 2505 Fabi
1864 2441 2158 2522 Maximi)
2204 2443 2794 2525 inauguratus

536 2546 609 2621 Q.
644 2545 878 2610 Fabius
910 2545 1229 2609 Maximus
1261 2546 1460 2628 filius3
1498 2547 1571 2610 ,in
1617 2546 1896 2610 eiusdem
1942 2547 2145 2610 locum
2190 2545 2574 2632 pontifex
2621 2545 2798 2628 (nam

534 2651 654 2715 duo
712 2650 1065 2714 sacerdotia
1124 2650 1375 2732 habuit)
1433 2652 1565 2715 Ser.
1631 2652 1942 2735 Sulpicius
2006 2651 2232 2715 Galba.
2278 2650 2539 2735 Dionys,
2586 2650 2794 2714 Halic.

532 2755 600 2819 II
635 2757 712 2817 73
761 2755 835 2818 de
872 2754 1294 2838 pontificibus:
1344 2752 1806 2839 παραλαμβάνει
1855 2754 1925 2817 δὲ
1969 2753 2084 2835 τήν
2127 2751 2488 2838 ἱερατείανὸ
2522 2757 2797 2833 δοκιμασ-

534 2860 693 2936 θεὶς,
724 2858 830 2922 ἐαν
859 2855 1184 2942 εὐόρνιθες
1216 2857 1392 2945 αὐτῷ
1422 2857 1687 2939 τύχωσιν
1720 2859 1919 2921 οἰωνοὶ
1951 2856 2276 2940 γενόμενοι.
2320 2858 2462 2923 Liv.
2488 2857 2791 2922 XXVIII
2835 2885 2893 2928 20

533 2967 635 3044 38,
684 2965 762 3025 12
810 2969 1033 3046 quarto
1079 2962 1321 3027 decimo
1367 2985 1531 3026 anno
1577 2962 1803 3026 Punici
1847 2963 1999 3028 belli
2045 2961 2393 3045 (549s205)
2440 2963 2515 3028 P.
2564 2963 2794 3028 Corne-

536 3068 657 3131 lius
718 3067 927 3151 Scipio
988 3073 1051 3130 et
1108 3066 1183 3131 P.
1243 3066 1524 3130 Licinius
1583 3066 1845 3130 Crassus
1903 3073 1974 3129 ut
2043 3068 2435 3131 consulatum
2500 3069 2795 3146 inierunt,

536 3171 898 3235 nominatae
958 3171 1319 3234 consulibus
1382 3171 1742 3254 provinciae
1804 3177 1981 3252 sunt,
2029 3170 2241 3234 Sicilia
2287 3170 2568 3255 Scipioni
2614 3178 2795 3235 extra

537 3281 793 3355 sortem,
841 3274 1220 3339 concedente
1260 3275 1524 3358 collega,
1559 3276 1745 3358 quia
1808 3297 2219 3340 sacrorum
2285 3297 2479 3339 cura
2523 3279 2794 3360 ponti-

537 3381 791 3443 ficem
837 3380 1277 3443 m‘aximum
1322 3380 1403 3444 in
1451 3379 1717 3446 Italia
1774 3382 2220 3462 retinebat,
2264 3380 2503 3444 Bruttii
2547 3379 2790 3444 Crasso.
2837 3405 2894 3447 25

534 3483 619 3566 cf.
666 3483 744 3548 ib.
792 3483 895 3564 44,
944 3484 1034 3549 11.
1084 3483 1259 3548 Cass,
1305 3483 1454 3548 Dic.
1484 3484 1594 3567 fr.
1643 3485 1746 3564 57,
1792 3484 1878 3547 52
1922 3484 2183 3548 Belcker.
2248 3485 2389 3549 Liv.
2438 3487 2586 3569 epit.
2634 3484 2795 3548 LIX

535 3588 834 3652 adversus
880 3610 1024 3652 eum
1073 3588 1185 3670 (sc.
1216 3589 1678 3665 Aristonicum)
1724 3588 1798 3653 P.
1833 3589 2111 3653 Licinius
2157 3588 2418 3651 Crassus
2464 3610 2608 3666 cos.,
2653 3610 2794 3652 cum

535 3692 705 3756 idem
750 3692 1042 3776 pontifex
1089 3694 1401 3756 maximus
1463 3700 1663 3773 esset,
1728 3693 1894 3777 quod
1958 3715 2279 3777 nunquam
2323 3699 2511 3757 antea
2556 3694 2797 3756 factum

537 3803 690 3874 erat,
737 3803 918 3860 extra
962 3796 1214 3860 Italiam
1263 3797 1578 3880 profectus
1625 3798 1867 3881 proelio
1914 3797 2113 3861 victus
2159 3805 2222 3860 et
2268 3798 2503 3861 occisus
2548 3803 2660 3861 est.
2710 3796 2793 3878 cf.

535 3901 961 3987 Marquardt,
1023 3899 1233 3964 Roem.
1296 3900 1699 3964 Staatsverw.
1763 3899 1892 3964 ΙΙΙ
1904 3900 1930 3941 2
1964 3922 2036 3984 p.
2096 3901 2226 3963 250
2284 3901 2433 3965 adn.
2497 3901 2557 3966 4.
2618 3899 2791 3965 Cass.
2838 3926 2895 3968 30

535 4003 658 4070 Dio
703 4003 859 4068 LIV
906 4005 1008 4084 28,
1054 4007 1093 4067 3
1139 4026 1230 4089 sq.
1280 4002 1627 4084 πυθόμενος
1674 4004 1738 4067 δὲ
1781 4011 1959 4068 τοῦτο
2005 4002 2036 4067 ὁ
2077 4000 2459 4086 Αὔγουστος,
2505 4003 2685 4086 ἔτυχε
2729 4004 2798 4067 δὲ

538 4219 720 4271 fuerat
755 4219 1072 4285 sepulturae
1108 4216 1331 4269 iniectio
1370 4218 1641 4283 pulveris:
1695 4217 1837 4270 unde
1876 4222 1962 4270 est
1997 4215 2149 4284 <365>
2185 4215 2294 4269 ‘aut
2330 4221 2389 4269 tu
2424 4217 2556 4269 mihi
2594 4220 2796 4268 terram

539 4300 710 4355 inice'.
782 4304 856 4356 ib.
893 4303 980 4354 III
1015 4303 1081 4354 64
1119 4308 1348 4370 atraque
1387 4303 1670 4371 cupresso]
1713 4304 1892 4370 nigra,
1929 4304 2175 4356 funesta:
2217 4321 2342 4356 nam
2378 4303 2571 4355 inferis
2610 4319 2797 4355 conse-

539 4394 693 4443 crata
730 4394 832 4456 est,
869 4391 998 4458 quia
1034 4406 1197 4443 caesa
1233 4407 1525 4458 numquam
1560 4391 1865 4443 revirescit.
1914 4391 2129 4443 moris
2169 4394 2350 4443 autem
2387 4390 2794 4442 Romani...

536 4478 937 4548 ingressus.
975 4477 1046 4541 cf.
1073 4473 1163 4540 fr.
1209 4479 1238 4525 1
1275 4483 1323 4527 et
1361 4476 1423 4527 de
1452 4476 1809 4546 pontificibus
1842 4477 2026 4546 suppl.
