3407 5226
455 1605 511 1647 10

559 452 640 515 38

558 668 719 712 non
795 644 1276 727 maculata]
1355 667 1451 708 ex
1528 645 1917 727 hfomine
1993 647 2396 739 m.ortuo].
2521 646 2828 732 Inter-pol.

555 751 735 816 Serv.
781 749 946 814 Aen.
984 747 1079 810 IV
1112 751 1238 812 683
1283 769 1434 813 sane
1480 750 1542 813 in
1589 750 1784 814 sacris
1841 770 2053 835 pura
2111 754 2388 817 vestis
2448 750 2828 837 appellatur,

557 875 774 940 quae
826 872 1101 936 neque
1156 851 1514 918 funesta
1559 854 1674 917 sit
1723 876 2000 939 neque
2045 857 2460 920 maculam
2508 856 2829 920 habeat

554 980 656 1022 ex
720 954 1061 1020 homine
1127 961 1484 1020 mortuo.
1575 956 1753 1023 Serv.
1800 966 1865 1022 et
1910 959 2217 1044 Interpol.
2265 959 2441 1025 Serv.
2490 959 2652 1024 Aen.
2693 958 2826 1023 XII

562 1064 683 1125 169
768 1058 1214 1144 inpolluta
1277 1063 1342 1123 et
1426 1081 1640 1144 pura
1726 1060 1954 1125 dicitur
2032 1063 2359 1134 vestis,
2450 1082 2579 1147 qua
2657 1063 2828 1125 festis

555 1164 781 1227 diebus
871 1161 959 1225 uti
1038 1168 1507 1226 consueverant
1582 1184 1762 1228 sacra
1837 1164 2255 1231 celebraturi:
2333 1165 2467 1248 [ut
2554 1187 2826 1251 neque

553 1267 908 1331 funesta
980 1265 1097 1329 sit
1169 1284 1451 1349 neque
1524 1266 1990 1351 fulgurata
2060 1290 2335 1354 neque
2412 1271 2828 1334 maculam

554 1369 877 1446 habeat
923 1388 1023 1433 ex
1069 1368 1409 1433 homine
1454 1369 1848 1453 mortuo].

764 1471 936 1536 Fest.
1014 1492 1076 1553 p.
1152 1475 1272 1539 185
1366 1472 1571 1537 ordo
1663 1474 2217 1539 sacerdotum
2307 1476 2828 1540 aestimatur

556 1577 910 1641 deorum
958 1573 1293 1657 [ordine
1340 1581 1422 1639 et
1468 1574 1580 1658 ut]
1628 1577 2049 1642 maximus
2096 1579 2483 1662 quisque.
2562 1580 2828 1642 maxi-

554 1701 728 1743 mus
775 1677 1136 1744 videtur
1199 1700 1387 1761 rex,
1455 1677 1648 1742 dein
1698 1679 2023 1763 Dialis,
2087 1681 2564 1765 posthunc
2610 1681 2826 1745 Mar-

492 1874 495 1877 ·
553 1887 727 1940 voluit
775 1886 925 1938 ablui
977 1901 1223 1937 cruorem
1276 1901 1393 1936 cum
1453 1886 1532 1937 ait
1569 1882 1712 1937 ‘date
1751 1888 1981 1939 vulnera
2017 1887 2253 1954 lymphis
2291 1885 2536 1939 abluam'.
2608 1887 2826 1954 plenius

553 1982 735 2028 tamen
763 1971 908 2024 infra
941 1972 1017 2024 ait
1055 1969 1548 2038 ‘semianimemque
1587 1972 1709 2024 sinu
1746 1971 2081 2038 germanam'
2119 1990 2293 2042 usque
2332 1978 2501 2024 ‘veste
2542 1973 2825 2038 cruorem',

551 2067 612 2114 ut
652 2068 926 2128 tamquam
966 2059 1023 2110 in
1061 2064 1213 2109 veste
1267 2074 1404 2123 pura
1454 2058 1697 2121 legitimo
1749 2060 1858 2110 ritu
1907 2059 2071 2111 morti
2123 2058 2256 2110 data
2306 2060 2634 2124 haberetur,
2686 2075 2826 2127 quae

552 2149 696 2218 quod
736 2149 1007 2198 sacratum
1047 2145 1250 2196 crinem
1308 2143 1588 2206 habuerit,
1640 2144 1788 2196 vitae
1841 2144 2007 2196 fuerit
2057 2146 2362 2196 inmorata:
2419 2162 2540 2197 nam
2594 2145 2827 2197 subiecit

553 2241 681 2303 apte
732 2250 802 2285 ex
849 2246 1087 2298 persona
1123 2228 1289 2281 Iridis
1327 2226 1483 2295 <702>
1522 2229 1682 2281 'hunc
1734 2247 1836 2293 ego
1876 2231 1994 2282 Diti
2045 2247 2258 2284 sacrum
2311 2230 2457 2282 iussa
2507 2230 2623 2282 fero
2663 2237 2826 2297 teque

551 2323 657 2373 isto
695 2334 927 2383 corpore
964 2313 1150 2368 solvo'.
1225 2315 1376 2367 Serv,
1417 2320 1471 2366 et
1510 2316 1776 2382 Interpol.
1817 2317 1970 2368 Serv.
1999 2319 2135 2368 Aen.
2163 2317 2276 2369 XII
2316 2316 2414 2369 169
2451 2317 2827 2382 inpolluta

603 2448 615 2459 .
652 2448 665 2460 .
705 2405 1192 2459 celebraturi:
1236 2403 1382 2468 [ut.
1420 2443 1432 2455 .
1471 2443 1484 2456 .
1525 2402 1845 2472 mortuo].
1920 2411 2004 2456 est
2041 2411 2220 2458 autem
2260 2405 2404 2456 linea
2441 2409 2496 2456 et
2534 2418 2826 2470 purpurea.

551 2509 797 2561 purpura
836 2491 999 2543 maris
1040 2492 1209 2541 vicem
1247 2489 1314 2540 ad
1358 2489 1614 2555 piandum
1655 2491 1912 2556 praebet,
1962 2491 2132 2542 linum
2188 2507 2316 2543 vero
2366 2489 2627 2550 fluminis,
2678 2488 2826 2555 quia,

553 2594 671 2631 cum
714 2593 839 2628 vere
876 2577 1053 2643 primo
1092 2575 1145 2626 in
1185 2574 1395 2628 oriente
1435 2574 1632 2628 flumen
1673 2576 2005 2643 inundasset,
2061 2582 2259 2643 sponte
2296 2592 2396 2628 sua
2432 2575 2600 2627 linum
2641 2578 2825 2626 natum

554 2666 763 2716 Plinius
825 2661 1105 2714 Secundus
1166 2660 1259 2727 (cf.
1297 2679 1349 2713 n.
1388 2663 1440 2713 h.
1480 2661 1641 2713 XIX
1668 2665 1702 2713 7
1740 2661 1876 2729 sqq.)
1939 2663 2086 2714 dicit.
2171 2662 2297 2714 ideo
2355 2663 2714 2729 magistratus
2774 2670 2827 2711 et

551 2748 913 2802 sacrificaturi
952 2752 1139 2814 togam
1179 2751 1522 2813 praetextam
1562 2751 1765 2801 habent
1803 2757 1856 2800 et
1885 2765 2073 2799 manus
2102 2749 2320 2800 ablutas
2346 2748 2635 2813 detergere
2665 2747 2823 2821 lineis

552 2836 878 2888 mantelibus
916 2836 1130 2886 curant.
1205 2835 1350 2900 quod
1390 2836 1508 2899 ipse
1546 2833 1613 2885 de
1652 2836 1905 2887 Aristaeo
1944 2834 2020 2884 ait
2055 2832 2273 2901 (georg.
2314 2835 2391 2886 IV
2422 2830 2550 2899 381>
2585 2830 2822 2884 ‘Oceano

549 2919 801 2975 libemus'
851 2927 904 2971 et
952 2918 1052 2987 (ib.
1088 2916 1218 2985 376>
1270 2920 1539 2972 ‘manibus
1590 2919 1828 2988 liquidos
1875 2919 2012 2972 dant
2061 2919 2255 2973 ordine
2311 2918 2493 2970 fontes
2529 2934 2824 2983 germanae

550 3008 834 3076 tonsisque
872 3006 1057 3058 ferunt
1095 3005 1357 3057 mantelia
1390 3006 1570 3071 villis’,
1621 3022 1751 3059 ecce
1807 3008 2137 3059 mentionem
2189 3004 2257 3059 de
2299 3007 2444 3057 lino:
2495 3019 2704 3055 rursum
2755 3002 2824 3055 de

547 3110 794 3161 purpura
829 3090 989 3159 (Aen.
1034 3091 1119 3143 ΙΙΙ
1156 3089 1284 3158 405>
1320 3090 1609 3158 ‘purpureo
1649 3095 1839 3145 velare
1876 3109 2060 3145 comas
2098 3095 2393 3158 adopertus
2432 3087 2663 3150 amictu'‚
2701 3090 2824 3141 item

547 3177 686 3246 <XII
726 3175 851 3244 120>
888 3175 1075 3229 ‘velati
1111 3174 1258 3229 lino’.
1311 3194 1444 3244 ergo
1472 3195 1609 3245 pura
1635 3179 1803 3230 lintea
1831 3181 1916 3231 vel
1956 3195 2235 3245 purpurea
2272 3180 2416 3245 bene
2449 3180 2631 3244 potest
2668 3174 2826 3227 intel-

549 3265 679 3329 legi.
742 3265 893 3315 Paul.
933 3280 983 3328 p.
1022 3262 1125 3315 248
1162 3280 1301 3329 pura
1339 3266 1662 3317 vestimenta
1700 3267 2017 3318 sacerdotes
2056 3265 2125 3315 ad
2161 3262 2489 3316 sacrificium
2530 3263 2825 3327 habebant,

547 3349 601 3401 id
642 3357 722 3401 est
764 3366 874 3400 non
913 3350 1128 3413 obsita,
1167 3365 1274 3401 non
1316 3350 1614 3417 fulgurita,
1652 3368 1762 3403 non
1802 3350 2053 3417 funesta,
2092 3368 2199 3403 non
2227 3352 2508 3402 *maculam
2544 3349 2823 3400 habentia.

753 3438 785 3487 4
859 3434 1006 3486 Fest.
1047 3451 1099 3500 p.
1143 3433 1239 3486 185
1290 3434 1462 3487 ordo
1500 3476 1513 3489 .
1556 3476 1569 3489 .
1608 3476 1622 3491 .
1658 3438 2111 3503 pontificem.
2204 3453 2323 3496 rex,
2379 3436 2508 3503 quia
2559 3434 2824 3500 potentis-

548 3521 742 3586 simus;
800 3521 1001 3576 Dialis.
1059 3521 1187 3588 quia
1240 3522 1485 3573 universi
1540 3522 1729 3573 mundi
1785 3524 2075 3586 sacerdos,
2125 3523 2215 3589 qui
2273 3523 2582 3590 appellatur
2639 3520 2823 3583 Dium3

548 3606 839 3671 Martialis,
878 3606 1021 3674 quod
1063 3606 1211 3658 Mars
1251 3606 1553 3660 conditoris
1590 3609 1744 3661 urbis
1779 3625 2008 3674 pareus;
2048 3608 2373 3670 Quirinalis,
2424 3606 2573 3658 socio
2613 3603 2820 3671 imperii

545 3692 779 3743 Romani
821 3692 1055 3744 Curibus
1096 3693 1307 3745 adscito
1346 3693 1606 3768 Quirin03
1658 3694 1907 3761 pontifex
1947 3695 2228 3759 maximus,
2267 3692 2413 3760 quod
2456 3693 2620 3744 index
2658 3698 2824 3757 atque

546 3778 756 3830 arbiter
794 3777 1026 3832 habetur
1064 3796 1241 3831 rerum
1283 3778 1593 3832 divinarum
1631 3781 2122 3846 humanarumque.
2419 3785 2422 3790 '

704 4003 707 4006 ι
755 3971 769 4003 ¹
809 3984 877 4020 ex
926 3968 1168 4028 b[omine
1222 3972 1454 4029 mortuo]
1503 3970 1760 4037 supplevi
1795 3985 1866 4021 ex
1902 3969 2165 4036 Interpol.
2204 3969 2352 4020 Serv.
2392 3967 2527 4020 Aen.
2570 3966 2665 4017 IV
2698 3968 2820 4017 683.

542 4052 678 4104 XII
708 4055 812 4103 169
850 4069 919 4104 ex
955 4050 1086 4120 h[ac
1125 4069 1288 4106 causa
1324 4090 1339 4105 .
1368 4092 1381 4105 .
1408 4050 1447 4120 .]
1489 4053 1718 4105 Mueller
1809 4055 1832 4089 2
1873 4055 1926 4105 in
1966 4054 2132 4106 sacris
2173 4091 2223 4104 ..
2250 4091 2262 4104 .
2302 4058 2511 4105 mortuo
2549 4068 2591 4104 e.
2617 4069 2663 4118 q.
2691 4068 2733 4103 s.
2762 4055 2820 4103 in

540 4153 642 4203 my.
682 4153 801 4204 sup.
852 4138 902 4189 T
1038 4138 1061 4173 ⁶
1100 4139 1237 4190 baec
1291 4139 1457 4192 vestis
1506 4139 1634 4190 talis
1689 4138 1853 4192 debet
1891 4156 2010 4192 esse
2048 4142 2108 4191 ut
2145 4156 2326 4206 neque
2364 4178 2377 4191 .
2417 4178 2430 4191 .
2468 4178 2481 4191 .
2522 4142 2603 4189 est
2643 4126 2830 4189 autem'

544 4225 688 4275 linea
724 4227 781 4274 et
820 4240 1096 4289 purpurea
1142 4224 1192 4274 T
1297 4226 1316 4259 '¹
1367 4224 1646 4290 fulgor-ata
1681 4226 1739 4276 F
1771 4223 2041 4292 fulgurita
2087 4226 2137 4276 T
2242 4224 2286 4260 ¹⁰
2336 4223 2561 4278 deorum
2602 4221 2823 4290 [ordine

545 4319 600 4362 et
652 4306 734 4376 ut]
786 4309 1083 4376 Mercklin,
1136 4310 1279 4361 Bull.
1329 4312 1564 4362 academ.
1619 4310 1889 4378 Petropol.
1928 4311 2087 4363 class.
2139 4311 2491 4377 histem-phil.
2530 4311 2593 4361 X
2618 4328 2675 4377 p.
2712 4312 2821 4362 289

544 4396 767 4448 deorum
810 4394 840 4426 *
881 4395 907 4422 *
949 4397 1170 4448 schedae
1211 4397 1368 4449 Laeti
1405 4399 1624 4448 deorum
1665 4396 1979 4461 maiestate,
2018 4406 2077 4449 ut
2127 4397 2370 4449 Ursinus
2407 4396 2631 4448 deorum
2672 4395 2820 4448 ordi-

541 4497 673 4539 nem
711 4481 935 4553 referre,
971 4486 1031 4533 ut
1066 4483 1342 4540 Dacerius
1378 4481 1601 4537 deorum
1641 4482 1857 4551 ordine,
1898 4490 1953 4533 ut
1993 4481 2123 4535 deus
2164 4481 2390 4536 Mueller
