3407 5226
602 460 681 523 10

597 651 677 717 de
740 653 1047 738 capienda
1110 655 1350 739 virgine
1421 654 1902 739 diligentissime
1951 657 2295 741 scripsisse
2368 659 2494 740 ait,
2561 643 2764 723 altero
2829 679 2865 721 e

539 829 545 835 ,
593 758 757 822 Fabi
817 758 1088 822 Pictoris
1167 759 1329 823 libro
1393 760 1599 843 primo
1660 760 1854 824 etiam
1930 781 2182 824 carmen
2260 761 2571 845 captionis
2635 761 2860 826 adfert.

594 883 761 946 quae
806 881 952 924 cum
997 862 1085 925 ita
1131 862 1257 925 sint
1300 868 1411 924 aut
1459 863 1716 945 egregie
1761 861 1942 927 fallor
1989 870 2100 928 aut
2147 863 2364 927 Labeo
2413 865 2645 946 omnia,
2702 884 2864 947 quae

594 962 676 1026 de
723 963 839 1027 hac
884 987 954 1029 re
998 965 1291 1047 protulit,
1337 986 1377 1028 a
1420 964 1624 1028 Fabio
1670 971 2002 1030 mutuatus
2050 973 2180 1030 est:
2227 968 2279 1030 is
2325 987 2511 1049 ver0,
2556 987 2720 1050 quae
2766 973 2866 1030 est

593 1067 729 1130 eius
773 1068 835 1131 in
885 1089 1097 1132 rerum
1156 1081 1473 1131 sacrarum
1539 1070 1945 1133 enarratione
2002 1071 2429 1153 praestantia,
2495 1070 2864 1154 pontificum

596 1169 946 1234 doctrinam
1008 1173 1325 1254 expressit
1384 1171 1560 1236 libris
1605 1172 1685 1237 de
1732 1172 2169 1236 sacerdotibus
2237 1172 2502 1257 publicis
2568 1173 2865 1237 nimirum

592 1275 976 1339 mandatam.
1065 1275 1190 1338 iam
1254 1275 1400 1340 vide
1461 1297 1701 1340 novum
1759 1275 1989 1340 horum
2044 1275 2349 1339 librorum
2412 1283 2862 1359 argumentum

591 1378 1016 1461 patefactum,
1085 1379 1259 1463 quod
1320 1386 1614 1443 versatur
1677 1379 1742 1443 in
1807 1378 2207 1462 exploranda
2271 1384 2482 1443 aetate
2544 1385 2608 1443 et
2668 1384 2862 1462 gente

591 1480 750 1560 ciue,
796 1501 960 1564 quae
1005 1482 1185 1565 virgo
1232 1481 1512 1545 Vestalis
1561 1481 1873 1567 capienda
1920 1489 2018 1546 est
2064 1481 2164 1563 (fr.
2213 1482 2293 1546 65
2341 1504 2399 1563 a,
2448 1482 2511 1562 b,
2557 1481 2617 1563 d,
2664 1504 2722 1564 e,
2768 1482 2862 1564 h),

588 1584 652 1646 in
702 1582 1074 1649 definiendis
1124 1585 1408 1668 corporis
1454 1585 1796 1649 virtutibus
1843 1585 2166 1670 vitiisque,
2213 1605 2378 1670 quae
2421 1587 2486 1649 in
2534 1607 2609 1649 ea
2654 1585 2864 1667 requi·

590 1692 815 1751 runtur
876 1688 1237 1753 vitanturve
1282 1687 1388 1772 (fr.
1438 1692 1518 1753 65
1566 1687 1652 1772 c),
1699 1690 1763 1753 in
1825 1689 2209 1774 exponendo
2269 1690 2590 1769 carmine,
2652 1709 2777 1773 quo
2824 1710 2864 1752 a

588 1792 884 1874 pontifice
952 1793 1239 1876 capiatur
1307 1792 1413 1875 (fr.
1464 1792 1621 1875 64),
1668 1793 1754 1857 'in
1824 1793 2271 1857 enumerandis
2340 1792 2861 1856 excusationibus

589 1895 815 1980 quibus
876 1896 1214 1961 sacerdotii
1265 1896 1477 1959 officio
1539 1895 1895 1961 liberantur
1941 1895 2045 1977 (fr.
2099 1898 2178 1959 65
2224 1896 2267 1973 f,
2311 1916 2373 1979 g,
2418 1895 2523 1979 h),
2588 1896 2863 1981 denique

588 1999 652 2061 in
698 2000 1095 2082 explicandis
1139 1999 1380 2064 iuribus
1423 2021 1662 2078 earum,
1710 2020 1874 2083 quae
1921 2005 2148 2083 captae
2192 2005 2344 2063 sunt
2390 1996 2497 2081 (fr.
2532 2001 2613 2063 66
2660 2020 2718 2081 a,
2764 1998 2858 2078 b).

585 2104 711 2167 iam
759 2123 912 2167 vero
959 2104 1056 2167 his
1104 2104 1409 2187 cognitis,
1455 2106 1509 2168 si
1554 2104 1700 2188 quid
1752 2103 1974 2186 video,
2034 2104 2441 2188 perspicuum
2501 2103 2605 2185 fit,
2670 2124 2858 2188 quam

587 2208 670 2272 ad
701 2228 833 2271 rem
863 2207 1195 2292 pontifices
1229 2207 1580 2291 peculiares
1613 2207 1692 2272 de
1740 2207 2178 2271 sacerdotibus
2224 2207 2420 2270 libros
2467 2206 2858 2289 conscriptos

588 2310 947 2391 habuerint,
995 2310 1236 2375 scilicet
1284 2317 1358 2375 ut
1402 2311 1464 2373 hi
1510 2311 1586 2374 iis
1633 2317 2014 2394 perpetuam
2061 2316 2125 2375 et
2168 2316 2530 2373 accuratam
2575 2309 2858 2372 omnium

589 2414 1151 2496 caerimoniarum,
1217 2420 1547 2496 castuum,
1606 2414 2017 2498 religionum,
2079 2434 2241 2497 quae
2299 2414 2363 2477 in
2422 2411 2858 2476 sacerdotibus

585 2517 855 2602 publicis
916 2517 1356 2584 observandae
1421 2525 1673 2600 essent,
1736 2517 2022 2581 notitiam
2086 2516 2589 2601 suppeditarent.
2681 2516 2859 2580 cuius

584 2621 678 2686 rei
722 2620 896 2684 haud
947 2621 1219 2685 obscura
1264 2621 1649 2707 significatio
1686 2624 2054 2704 agnoscitur
2099 2620 2269 2706 apud
2315 2621 2584 2706 Dionys.
2648 2620 2857 2685 Halic.

584 2725 652 2788 II
700 2724 781 2788 73
827 2722 936 2801 τάς
981 2750 1049 2787 τε
1094 2723 1293 2805 ἀρχάς
1336 2723 1604 2802 ἁπάσας,
1650 2721 1818 2802 ὅσαις
1854 2725 2046 2788 θυσία
2091 2750 2159 2789 τε
2204 2726 2304 2787 καὶ
2349 2725 2650 2806 θεραπεία
2694 2726 2860 2786 θεῶν

586 2825 910 2910 ἀνάκειται,
958 2829 1085 2892 καὶ
1150 2827 1340 2904 τους
1405 2826 1657 2911 ἱερεῖς
1732 2824 2089 2904 ἅπαντας
2152 2827 2672 2905 ἐξετάζουσιν
2735 2825 2854 2910 (sc.

586 2930 986 3017 pontifices),
1043 2929 1357 3016 ὑπηρέτας
1409 2958 1480 2996 τε
1540 2930 1751 2996 αὐτῶν
1812 2935 1910 2996 καὶ
1976 2931 2391 3015 λειτουργούς,
2453 2926 2547 3007 οἷς
2581 2936 2856 3014 χρῶνται

585 3036 746 3121 πρός
780 3035 866 3100 ’τοὶ
911 3035 1084 3119 ἱεροὶ,
1144 3031 1311 3099 οὗτοι
1356 3035 1731 3121 φυλάττουσι
1775 3033 2007 3119 μηδένα
2053 3035 2491 3119 ἐξαμαρτάνειν
2523 3036 2676 3118 ,περὶ
2720 3032 2859 3110 τούς

585 3139 789 3226 ἱερούς
832 3138 1080 3220 νόμους.
1156 3139 1257 3204 hic
1305 3141 1470 3204 enim
1518 3140 1697 3205 locus
1743 3140 1833 3204 ita
1879 3138 2295 3224 explicandus
2343 3144 2456 3219 est,
2501 3145 2574 3203 ut
2618 3137 2858 3224 Diony-

585 3245 715 3310 sius
782 3244 1063 3307 affirmet
1128 3243 1458 3328 pontifices
1521 3243 1842 3308 custodire
1866 3293 1883 3326 ,
1946 3265 2027 3308 ne
2091 3243 2618 3307 caerimoniarum
2683 3244 2858 3326 leges

584 3348 953 3413 sacerdotes
1013 3346 1279 3412 violent:
1342 3346 1515 3433 quod
1572 3347 1862 3430 profecto
1911 3348 2046 3411 fieri
2090 3368 2220 3412 non
2264 3348 2508 3432 potuit,
2577 3346 2699 3411 nisi
2743 3344 2859 3409 has

584 3453 929 3537 religiones
1004 3450 1365 3514 minutatim
1439 3456 1729 3516 enotatas
1804 3451 2149 3516 habebant.
2255 3450 2338 3515 ad
2412 3449 2858 3514 auctoritatem

584 3556 772 3620 huius
844 3553 1283 3638 descriptionis
1351 3575 1517 3618 anno
1583 3576 1642 3638 p.
1688 3555 1760 3620 O.
1809 3577 1870 3619 n.
1920 3557 2003 3619 22
2072 3554 2330 3620 Servius
2402 3553 2857 3637 Maluginensis

583 3661 815 3723 flamen
852 3657 1059 3723 Dialis
1104 3678 1490 3742 provocasse
1535 3658 1806 3732 videtur,
1855 3679 2000 3722 cum
2034 3658 2254 3722 Asiam
2300 3658 2691 3742 provinciam
2737 3657 2858 3720 sibi

582 3763 989 3846 postularet¹.
1054 3783 1181 3847 qua
1225 3762 1306 3826 de
1349 3783 1419 3826 re
1465 3782 1611 3826 cum
1656 3761 1919 3825 Tacitus
1966 3782 2113 3826 ann.
2161 3762 2267 3825 III
2315 3765 2397 3826 58
2444 3761 2600 3825 haec
2647 3766 2860 3824 narret

581 3870 748 3931 inter
789 3887 948 3951 quae
1002 3865 1341 3948 provincia
1387 3863 1632 3947 Africa
1679 3862 1878 3929 Juuio
1921 3865 2155 3929 Blaeso
2194 3872 2556 3948 proroyata
2603 3865 2861 3928 Servius

582 3970 1084 4053 Maluyinensis,
1144 3970 1377 4047 flamen
1422 3967 1675 4049 Dialis,
1740 3976 1810 4032 ut
1856 3969 2079 4033 Asiam
2123 3976 2289 4033 sorte
2334 3969 2604 4048 haberet,
2649 3973 2838 4051 postu

583 4075 758 4155 lavit,
796 4074 1063 4154 frustra
1124 4072 1451 4157 vulyatum
1517 4072 1823 4136 dictitans
1882 4094 2008 4137 uon
2051 4074 2237 4137 licere
2279 4072 2582 4136 Dialibus
2647 4071 2863 4153 eqrecli

579 4178 801 4257 Italia,
845 4196 1035 4261 neque
1081 4177 1264 4240 aliud
1306 4178 1409 4240 ius
1437 4196 1623 4240 suum
1652 4197 1843 4261 quam
1871 4175 2281 4241 Martialium
2310 4175 2860 4259 Quirinaliumque

566 4283 944 4366 flaminum:
980 4299 1203 4363 porrO,
1250 4281 1308 4343 si
1351 4280 1420 4343 hi
1463 4280 1790 4343 duxissent
1828 4281 2201 4362 provincias
2218 4329 2237 4362 ,
2286 4300 2400 4343 cur
2445 4277 2744 4343 Dialibus
2790 4278 2861 4341 id

794 4419 811 4453 ¹
869 4420 941 4472 cf.
979 4418 1048 4471 de
1086 4417 1242 4471 Servi
1277 4418 1676 4487 Maluginensis
1716 4435 1884 4472 causa
1918 4419 2244 4486 Ambrosch‚
2283 4417 2506 4480 Quaest.
2545 4418 2741 4486 pontif.
2779 4416 2863 4468 111

578 4522 634 4574 p.
672 4506 705 4558 7
742 4521 862 4574 sqq.
