3407 5226
593 476 672 543 18

592 677 1026 741 demonstrant
1072 671 1334 738 adiectis
1382 687 1574 756 saepe
1618 668 1981 758 praeceptis
2029 668 2445 758 quibusdam,
2488 691 2671 761 quae,
2721 694 2865 741 cum

590 803 628 845 a
658 782 967 863 scriptore
998 779 1170 843 haud
1210 781 1472 843 inventa
1519 800 1655 843 esse
1696 800 1888 863 posse
1934 780 2073 861 ipsa
2118 779 2558 863 comprobent,
2608 781 2686 845 de
2731 783 2868 846 iure

590 906 768 950 sacro
816 892 1075 968 recepta
1136 889 1301 947 sunt.
1395 882 1595 946 veluti
1641 882 1874 947 Festus
1921 903 1981 965 p.
2034 884 2161 945 289
2206 906 2254 947 s.
2301 904 2358 947 v,
2407 881 2568 947 ‘rica’
2613 906 2869 948 accura-
2983 922 2994 931 ·

592 989 837 1053 tissime
896 980 1184 1070 rettulit,
1254 1007 1378 1070 quo
1444 986 1637 1049 modo
1701 988 1873 1048 ricae
1921 986 2164 1067 confici,
2210 1007 2336 1070 qua
2379 986 2586 1050 forma
2632 996 2695 1051 et
2742 1011 2867 1072 quo

593 1090 807 1156 colore
868 1112 1008 1155 esse
1068 1090 1374 1154 deberent
1420 1088 1526 1169 (fr.
1576 1092 1656 1153 46
1707 1088 1813 1170 b),
1875 1095 1942 1151 et
1989 1090 2295 1152 consimili
2338 1090 2588 1155 ratione
2633 1114 2694 1176 p.
2744 1094 2869 1156 348

591 1195 906 1279 secespita
951 1195 1155 1278 qualis
1205 1214 1345 1256 esse
1393 1199 1723 1275 oporteret
1780 1192 2144 1276 expositum
2195 1199 2292 1258 est
2338 1192 2441 1273 (fr.
2487 1193 2624 1277 51).
2714 1198 2870 1261 haec

590 1305 934 1384 praecepta
982 1297 1226 1360 Paulus
1273 1295 1653 1379 plerumque
1699 1296 1944 1376 omisit,
2003 1296 2323 1359 interdum
2369 1302 2580 1362 tamen
2629 1300 2868 1384 aliquid

591 1401 877 1483 retinuit,
925 1410 994 1464 ut
1025 1421 1088 1484 p.
1129 1402 1205 1462 10
1237 1421 1283 1461 s.
1315 1419 1375 1461 v,
1409 1395 1697 1482 ‘galerus'
1744 1396 1853 1481 (fr.
1894 1398 1997 1477 19)
2048 1408 2113 1463 et
2158 1422 2221 1485 p.
2256 1403 2335 1463 93
2370 1423 2420 1464 s,
2453 1422 2508 1463 v.
2542 1403 2870 1467 ‘flaminius

594 1505 896 1569 camillus'
957 1502 1064 1586 (fr.
1117 1500 1229 1584 30)
1291 1508 1355 1566 et
1413 1502 1707 1565 ‘flaminia
1766 1499 2030 1565 camilla’
2089 1502 2191 1583 (fr.
2240 1505 2417 1586 50)1.
2507 1513 2655 1570 sunt
2713 1528 2867 1570 vero

597 1631 858 1691 omnes,
921 1609 1002 1671 de
1064 1607 1293 1692 quibus
1350 1628 1520 1670 nunc
1579 1608 1839 1691 loquor,
1903 1607 2026 1669 loci
2088 1606 2183 1672 hi:
2247 1608 2430 1671 Paul.
2475 1631 2534 1693 p.
2586 1612 2665 1673 10
2710 1634 2760 1675 s.
2811 1632 2868 1675 v.

598 1708 1035 1797 ‘albogalerus'
1079 1711 1184 1787 (fr.
1237 1710 1365 1792 19),
1411 1731 1475 1794 p.
1524 1712 1606 1773 23
1652 1733 1700 1774 s.
1747 1731 1807 1774 v.
1854 1707 2206 1793 ‘apiculum'
2252 1712 2355 1791 (fr.
2405 1712 2540 1794 20),
2586 1712 2760 1779 Fest.
2809 1737 2869 1799 p.

598 1818 724 1880 205
771 1840 821 1880 s.
872 1838 931 1879 v.
979 1811 1352 1879 ‘offendices’
1399 1813 1499 1895 (fr.
1549 1815 1678 1895 21),
1742 1835 1804 1897 p.
1856 1816 1980 1877 355
2029 1837 2081 1879 s.
2131 1835 2185 1877 v.
2232 1812 2540 1879 ‘tutulum’
2586 1815 2692 1900 (fr.
2741 1820 2872 1900 22),

597 1919 783 1983 Paul.
830 1942 893 2003 p.
942 1922 1024 1981 64
1071 1940 1120 1981 s,
1174 1940 1230 1981 v.
1279 1915 1770 1981 ‘commetacula'
1815 1915 1921 1999 (fr.
1970 1917 2105 1999 26),
2152 1939 2213 2001 p.
2251 1921 2331 1982 19
2362 1942 2415 1984 s.
2447 1943 2508 1984 v.
2543 1921 2873 1986 ‘assidelae

595 2019 868 2086 mensae'
913 2019 1021 2103 (fr.
1069 2021 1220 2100 28),
1282 2044 1344 2105 p.
1393 2024 1473 2085 93
1521 2044 1566 2085 s.
1614 2042 1672 2084 v.
1720 2018 2050 2084 ‘flaminius
2110 2022 2307 2085 lictor'
2352 2024 2457 2097 (fr.
2504 2023 2647 2104 29),
2709 2048 2763 2088 s.
2809 2048 2871 2090 v.

596 2123 928 2189 ‘flaminius
991 2125 1289 2187 camillus'
1336 2126 1443 2200 (fr.
1492 2123 1641 2207 30),
1687 2124 1863 2188 Fest.
1910 2144 1972 2207 p.
2021 2127 2145 2189 249
2192 2148 2241 2190 s.
2289 2148 2349 2190 v.
2399 2123 2763 2209 ‘praeciae’2
2809 2140 2873 2194 et

598 2230 782 2293 Paul.
832 2250 893 2313 p.
943 2231 1071 2292 224
1118 2252 1168 2293 S.
1216 2250 1273 2293 v.
1321 2226 1639 2312 ‘praecias’
1683 2229 1788 2310 (fr.
1840 2229 1971 2310 31),
2018 2229 2198 2294 Fest.
2245 2252 2305 2314 p.
2340 2233 2466 2294 289
2512 2255 2562 2296 s.
2611 2256 2672 2298 v.
2720 2234 2875 2297 ‘rica‘

489 2335 492 2338 ’
600 2340 669 2398 et
713 2354 775 2417 p.
827 2335 950 2396 277
997 2355 1044 2395 s.
1090 2354 1153 2396 v.
1202 2331 1397 2396 ‘ricae’
1459 2331 1568 2407 (fr.
1618 2334 1698 2395 46
1748 2330 1859 2413 b),
1917 2332 2098 2396 Paul.
2145 2354 2208 2416 p.
2258 2335 2337 2395 93
2386 2357 2436 2399 s.
2485 2356 2539 2398 v.
2589 2337 2875 2402 ‘flaminia

603 2436 869 2500 camilla’
919 2436 1028 2517 (fr.
1060 2438 1196 2512 50),
1241 2434 1415 2499 Fest.
1461 2455 1523 2518 p.
1575 2437 1699 2497 348
1748 2457 1797 2498 s.
1845 2455 1903 2497 V.
1949 2434 2353 2519 ‘secespitam’
2399 2437 2501 2512 (fr.
2536 2438 2673 2523 51).
2732 2463 2873 2505 cum

593 2542 796 2624 igitur
841 2540 1073 2604 Festus
1138 2539 1239 2600 vel
1298 2538 1512 2622 potius
1559 2539 1651 2622 is,
1699 2540 1880 2602 cuius
1925 2539 2121 2603 libros
2167 2541 2230 2601 in
2278 2541 2598 2624 epitomen
2645 2547 2877 2629 coegit,

603 2646 870 2709 Verrius
900 2645 1167 2707 Flaccus
1196 2643 1559 2708 uberiorem
1593 2643 1807 2727 aliqua
1838 2665 1917 2706 ex
1968 2652 2148 2726 parte
2194 2644 2498 2708 librorum
2546 2648 2625 2711 de
2673 2671 2877 2715 sacer-

604 2750 860 2813 dotibus
892 2747 1165 2832 publicis
1197 2748 1485 2810 notitiam
1520 2747 1701 2810 nobis
1736 2748 2108 2830 suppeditet
2154 2769 2343 2831 quam
2393 2749 2665 2814 Pictoris
2711 2753 2874 2837 frag-

602 2859 926 2933 mentum,
992 2872 1118 2915 non
1185 2872 1312 2914 uno
1378 2851 1635 2915 nomine
1684 2850 1879 2915 refert
1925 2852 2121 2933 scire,
2186 2852 2355 2916 unde
2400 2853 2509 2915 illa
2546 2854 2633 2917 -in
2687 2855 2874 2922 Verri

602 2979 818 3021 rerum
888 2977 1213 3019 sacrarum
1281 2957 1789 3039 promptuarium
1856 2955 2052 3018 inlata
2112 2955 2255 3019 sint.
2345 2962 2415 3018 ut
2476 2957 2551 3020 de
2615 2959 2875 3026 alterius

604 3061 858 3143 generis
904 3060 1058 3122 locis
1101 3061 1277 3142 prius
1325 3059 1548 3137 dicam,
1584 3057 1853 3122 Verrius
1899 3060 2037 3143 ipse
2085 3071 2143 3142 p.
2178 3061 2302 3122 205
2335 3082 2382 3123 s.
2417 3080 2471 3123 v.
2504 3057 2879 3127 ‘offendices'

605 3164 707 3245 (fr.
757 3164 869 3243 21)
918 3164 1152 3226 Titium
1203 3163 1523 3246 quendam
1570 3163 1896 3242 laudavit,
1946 3164 2051 3247 qui
2101 3163 2446 3226 offendices
2492 3165 2694 3229 nodos
2741 3189 2879 3231 esse
2988 3243 2994 3248 ⁵

607 3268 874 3330 dixisset
921 3267 1148 3349 quibus
1195 3287 1364 3350 apex
1410 3268 1791 3330 retineretur
1839 3273 1902 3328 et
1950 3268 2412 3345 remitteretur3
2475 3269 2573 3330 cui
2621 3274 2882 3354 opponi-

608 3378 712 3434 tur
738 3368 1076 3451 Veranius,
1128 3370 1234 3453 qui
1282 3369 1628 3433 offendices
1676 3370 2135 3433 existimaverit
2180 3391 2323 3433 esse
2368 3371 2605 3446 coriola
2637 3374 2699 3435 in
2729 3374 2879 3439 loris

605 3474 825 3556 apiciS.
916 3478 1108 3535 notae
1175 3477 1324 3534 sunt
1367 3472 1610 3536 Verani
1680 3474 2091 3555 quaestiones
2159 3474 2585 3557 pontificaleS,
2652 3477 2879 3559 quibus

606 3576 952 3666 Huschke,
1014 3575 1284 3659 Jurispr.
1331 3576 1682 3640 anteiust.⁴
1725 3577 1792 3658 p.
1844 3579 1965 3637 106
2012 3598 2101 3660 sq.
2150 3598 2211 3640 n.
2263 3579 2299 3637 9
2347 3576 2519 3639 haud
2566 3580 2879 3647 immerito

609 3680 768 3742 hanc
817 3678 898 3742 de
948 3678 1364 3742 offendicibus
1411 3680 1789 3743 sententiam
1837 3679 2209 3742 attribuit3:
2256 3679 2460 3743 Titius
2510 3683 2649 3765 quis
2695 3684 2883 3751 fuerit

609 3803 868 3868 prorsus
935 3783 1331 3865 ignoratur-⁴.
1424 3803 1804 3866 quamquam
1861 3782 2163 3845 Ursinum
2236 3784 2587 3846 rectissime
2652 3789 2883 3873 egisse,

607 3907 751 3949 cum
785 3886 954 3969 apud
983 3886 1158 3949 Fest.
1193 3908 1254 3969 p.
1295 3889 1418 3948 289
1452 3910 1502 3951 s,
1536 3907 1591 3947 v.
1624 3882 1786 3948 ‘rica’
1831 3883 1940 3967 (fr.
1978 3889 2057 3948 46
2097 3885 2160 3965 b)
2210 3883 2486 3967 Titiffics]
2531 3902 2885 3975 reponeret,

608 3988 710 4051 hic
755 3988 932 4054 Festi
997 3990 1176 4052 locus
1238 3989 1511 4072 arguit5.
1602 3990 1824 4052 tertius
1889 3989 1983 4051 his
2045 3988 2289 4051 accedit
2334 3988 2647 4073 Granius,
2709 3996 2887 4060 cuius

818 4144 835 4177 ¹
875 4145 943 4195 cf.
983 4161 1038 4211 p.
1076 4142 1142 4194 27
1181 4144 1364 4196 adnot.
1404 4144 1452 4197 3.

813 4233 835 4266 2
878 4232 946 4283 cf.
985 4248 1038 4297 p.
1077 4229 1162 4282 26.
1609 4282 1619 4290 ,

819 4319 839 4352 ³
879 4318 948 4368 cf.
985 4317 1057 4369 de
1093 4318 1335 4369 Veranio
1375 4317 1605 4382 Teuffel,
1642 4317 1786 4368 Hist.
1825 4318 1904 4368 lit.
1943 4318 2116 4369 romst
2153 4316 2182 4380 ἓ
2225 4317 2337 4383 199,
2372 4316 2423 4369 6.
2478 4318 2742 4372 Huschke
2779 4322 2814 4372 l.
2851 4322 2888 4372 1.

812 4404 836 4438 ⁴
871 4404 940 4456 cf.
982 4403 1193 4454 Teuffel
1228 4404 1263 4454 l.
1304 4404 1339 4454 l.
1379 4401 1408 4465 ἓ
1453 4401 1565 4468 199,
1608 4400 1687 4454 10.

818 4491 838 4524 ⁵
875 4491 1105 4542 eundem
1148 4489 1349 4540 Titium
1409 4492 1642 4555 utroque
1696 4490 1818 4541 loco
1875 4493 2071 4541 testem
2129 4490 2382 4542 adhiberi
2429 4491 2661 4542 Mueller
2698 4507 2752 4556 p.
2789 4489 2892 4544 289

611 4576 938 4628 observavit.
