3407 5226
673 713 1227 778 circumlitos
1273 734 1465 780 esse
1529 721 1881 803 oportet
1926 726 2006 783 et
2052 713 2145 784 de
2192 741 2287 784 eo
2334 718 2568 785 lecto
2616 720 2942 790 trinoc·.

671 821 862 883 tium
928 819 1423 885 continuum
1484 843 1631 885 non
1689 822 2068 888 decubat
2130 845 2407 910 neque
2454 827 2531 890 in
2581 850 2673 892 eo
2715 830 2935 894 lecto

670 924 989 1011 cubare
1034 925 1302 988 alium
1346 924 1478 990 fas
1528 934 1698 1008 est3
1766 927 2142 1012 denique
2201 913 2673 1015 apudeius
2719 933 2936 997 lecti

667 1026 1032 1107 fulcrum
1099 1030 1540 1114 capsulam
1607 1052 1796 1095 esse
1856 1053 2018 1096 cum
2082 1039 2320 1097 strue
2382 1042 2645 1119 atque
2708 1036 2935 1101 ferto

502 1153 546 1195 n
603 1154 630 1195 5
677 1123 1046 1217 oportet.
1163 1135 1574 1218 unguium
1650 1134 1942 1223 Dialis
2011 1143 2092 1200 et
2158 1137 2472 1221 capilli
2547 1143 2939 1223 segmina

668 1234 982 1300 subter
1086 1237 1488 1301 arborem
1591 1236 1949 1301 felicem
2043 1244 2285 1303 terra
2389 1244 2935 1324 operiuntur.

505 1338 961 1423 opDialis
1051 1340 1391 1404 cotidie
1477 1340 1863 1404 feriatus
1939 1349 2089 1407 est.
2180 1344 2369 1406 sine
2454 1346 2703 1428 apice
2778 1349 2935 1410 sub

502 1462 544 1525 q
666 1440 865 1506 divo
916 1464 1109 1508 esse
1151 1443 1499 1507 licitum
1546 1464 1708 1507 non
1755 1452 1993 1509 est..
2030 1444 2449 1510 ,farinam
2495 1447 2933 1516 fermento

499 1565 532 1608 r
661 1546 1051 1611 inbutam
1118 1547 1572 1630 attingere
1639 1549 1715 1612 ei
1773 1547 1903 1611 fas
1972 1569 2134 1613 non
2206 1556 2355 1614 est.
2446 1554 2745 1617 tunica
2812 1555 2935 1617 in-

498 1669 620 1712 s10
663 1651 891 1733 tima,
938 1652 1110 1715 nisi
1157 1653 1241 1715 in
1288 1652 1508 1717 locis
1557 1653 1852 1734 tectis,
1899 1672 2063 1715 non
2109 1655 2363 1718 exuit
2408 1677 2492 1718 se
2527 1706 2540 1719 .
2576 1707 2589 1720 .
2625 1679 2935 1742 ,super

1617 1858 1650 1895 *
1947 1857 1981 1892 ’Β

1782 1907 1817 1943 *

668 2074 866 2152 ’Λιὸς
932 2074 1120 2140 οὐδὲ
1188 2075 1378 2141 ὀδόν
1443 2080 1835 2140 διελθεῖν
1901 2074 2535 2160 ἀναδενδράδος
2601 2075 2932 2143 ἄνωθεν

502 2199 563 2240 m
665 2179 1342 2263 ὃιατεταμὲνηςς
1454 2180 1594 2243 Liv.
1686 2178 1747 2241 V
1838 2181 1967 2256 52,
2060 2179 2143 2241 13
2229 2178 2578 2243 flamini
2687 2181 2931 2247 Diali

663 2291 1000 2347 noctem
1101 2304 1345 2347 unam
1449 2272 1797 2347 manere
1913 2289 2166 2348 extra
2274 2282 2566 2346 urbem
2683 2287 2927 2351 nefas

660 2395 816 2452 est.
908 2387 1079 2451 Plut.
1138 2409 1199 2472 q.
1259 2408 1307 2451 r.
1367 2389 1451 2451 40
1525 2390 1636 2450 τοῦ
1711 2383 1876 2469 wipo?
1950 2382 2264 2464 Ῥωμαίοις
2336 2384 2631 2466 ἱερέως
2704 2387 2930 2453 ἴδιόν

563 2510 618 2553 15
663 2515 843 2557 εστι
933 2487 1017 2554 vd
1098 2541 1113 2556 .
1177 2542 1192 2556 .
1266 2488 1477 2572 μήτε
1564 2491 1967 2565 πλείονας
2057 2488 2364 2565 νύκτας
2452 2486 2931 2575 ἀποδημεῖν

498 2601 907 2679 Ρᾳτριῶν
994 2595 1177 2678 μηδ’
1265 2591 1865 2658 ἀποτίθεσθαι
1954 2592 2095 2658 τόν
2183 2599 2445 2659 πῖλον.
2620 2595 2926 2682 Interpol.

656 2918 1042 2979 μεθυσκομένων
1085 2908 1212 2978 ὑπὲρ
1258 2910 1468 2974 κεφαλῆς
1512 2906 1639 2969 οἶνός
1683 2910 1815 2964 ἔστι,
1864 2915 1940 2960 καὶ
1982 2906 2233 2969 πιέζονται
2269 2914 2348 2959 καὶ
2386 2915 2758 2967 ταπεινοῦνται,
2810 2912 2926 2963 δέον

657 2993 955 3067 ὑπερτέρους
991 2998 1112 3049 εἶναι
1149 3001 1229 3048 καὶ
1266 3004 1462 3064 κρατεῖν
1498 2994 1571 3046 cisi,
1616 2996 1699 3063 τῆς
1737 2993 1915 3063 ἧὸονῆς
1949 2997 2147 3059 ταύτης,
2184 2990 2306 3045 duci
2338 2993 2402 3061 μή
2429 3004 2731 3064 κρατεῖσθαι.
2784 2995 2925 3048 Gell.

660 3083 708 3134 X
736 3082 813 3143 15,
843 3083 1042 3136 16—-18
1068 3083 1174 3132 sin
1195 3098 1224 3130 e
1251 3081 1460 3148 apice
1486 3118 1498 3132 .
1528 3118 1540 3132 .
1569 3121 1579 3133 .
1607 3098 1689 3132 no
1709 3099 1737 3132 n
1768 3086 1905 3146 est;
1944 3081 2213 3131 subtecto
2241 3080 2316 3130 uti
2346 3081 2555 3143 liceret,
2581 3097 2687 3133 non
2718 3083 2921 3147 pridem

657 3159 690 3221 a
727 3168 1078 3236 pontificibus
1118 3168 1466 3219 constitutum
1499 3168 1767 3218 Masurius
1794 3167 2031 3218 Sabinus
2071 3167 2291 3233 scripsit
2316 3171 2370 3216 et
2397 3168 2509 3218 alia
2547 3168 2812 3233 quaedam
2841 3185 2926 3219 re-

658 3256 822 3306 missa
847 3255 1138 3322 gratiaque
1166 3254 1376 3320 aliquot
1400 3254 1850 3305 caerimoniarum
1878 3252 2026 3304 facta
2051 3254 2280 3319 dicitur-3
2319 3251 2493 3319 cf.fr.
2517 3257 2601 3304 35.
2643 3254 2783 3306 Plut.
2806 3272 2856 3322 q.
2880 3271 2922 3305 r.

656 3339 727 3420 (ψ
761 3340 854 3393 τόν
889 3337 1046 3393 αὕτόν
1096 3335 1192 3393 οὖν
1239 3342 1458 3409 τρόπον,
1504 3337 1567 3393 ὥς
1615 3343 1768 3399 ἔοικε,
1819 3343 1895 3390 καὶ
1947 3340 2068 3391 τοῦ
2117 3339 2287 3405 παραὶ
2321 3336 2658 3406 εΡωμαίοιιῐ
2708 3343 2925 3410 ἱερέως

655 3428 836 3479 ἴδιόν
881 3428 1018 3479 ἔστι
1065 3425 1137 3477 τό
1185 3425 1314 3493 μήτε
1356 3429 1506 3495 ἵππῳ
1537 3426 1760 3495 χρῆσθαι
1794 3429 1951 3491 μήτε
2006 3431 2319 3485 πλείονας
2354 3462 2366 3475 .
2396 3463 2408 3474 .
2435 3464 2448 3476 .
2490 3431 2702 3491 πῖλον,
2738 3426 2827 3492 ἐφ’
2863 3428 2927 3481 οὗ

655 3520 736 3565 καὶ
783 3516 970 3580 ‹piolus—*r
1021 3516 1266 3579 κέκληται.
1341 3512 1574 3578 Appian.
1617 3512 1664 3563 b.
1703 3528 1749 3563 e.
1784 3511 1812 3563 Ῑ
1860 3510 1930 3564 65
1975 3515 2165 3582 λέγεται
2215 3511 2363 3571 οὗτος
2409 3511 2440 3564 o‘
2490 3511 2639 3579 ἱερεύς
2687 3512 2781 3577 (80.
2828 3516 2924 3567 τοῦ

656 3598 800 3664 Διός)
837 3601 1116 3669 φλαμέντας
1151 3604 1229 3651 καὶ
1269 3604 1524 3666 πιλοφορεῖ
1556 3602 1711 3664 μόνος
1746 3596 1822 3649 οἷεὶ
1859 3599 1963 3650 τῶν
1999 3604 2153 3651 ἄλλων
2188 3596 2354 3664 ἱερέων
2388 3599 2436 3650 ἓν
2479 3596 2651 3666 μόναις
2705 3605 2924 3666 πιλοφο-

656 3692 877 3754 ρούντων
913 3696 1021 3747 ταῖς
1057 3689 1337 3755 ἱερουργίαις
1427 3683 1578 3735 Serv.
1617 3687 1751 3736 Aen.
1792 3684 1930 3736 VIII
1967 3684 2066 3736 664
2105 3684 2266 3737 nudis
2306 3684 2520 3749 penitus
2558 3702 2650 3736 eos
2687 3686 2782 3749 (sc.
2808 3689 2923 3753 fla-

655 3772 849 3840 mines)
877 3773 1148 3839 capitibus
1186 3773 1442 3823 incedere
1480 3772 1637 3823 nefas
1676 3772 1795 3823 fuit.
1846 3772 1983 3824 (3011.
2012 3772 2060 3823 X
2094 3771 2171 3836 15,
2196 3770 2264 3824 20
2301 3771 2553 3823 tunica
2592 3811 2603 3824 .
2629 3812 2642 3823 .
2670 3812 2682 3825 .
2724 3775 2919 3826 exuit

652 3874 737 3920 se,
774 3875 842 3911 ne
879 3860 978 3910 sub
1017 3861 1186 3925 caelo,
1222 3864 1494 3926 tamquam
1534 3859 1632 3909 sub
1673 3858 1847 3909 oculis
1887 3859 2061 3921 Iovis,
2101 3857 2275 3909 nudus
2314 3859 2397 3909 sit.
2468 3860 2730 3925 Interpol.
2771 3860 2919 3912 Serv.

807 4054 827 4089 ²
863 4048 1125 4114 decubat]
1165 4050 1391 4102 secubat
1430 4048 1484 4101 Ῑ.
1506 4049 1571 4101 F.
1607 4049 1916 4100 Gronovius
1952 4048 1972 4082 ⁸
2009 4049 2173 4100 alium
2214 4049 2258 4101 Ο
2292 4065 2361 4099 m.
2397 4065 2520 4115 rec„
2558 4050 2674 4101 edd.
2712 4058 2809 4101 vet.
2848 4067 2929 4103 ne-

649 4138 810 4191 alium
864 4138 997 4189 codd
1047 4153 1228 4203 neque
1285 4136 1451 4187 alium
1506 4132 1679 4187 Hertz
1732 4138 1793 4187 in
1846 4136 1927 4186 ed.
1966 4138 2097 4187 min.
2182 4135 2423 4203 denique
2461 4134 2604 4203 apud
2645 4134 2919 4204 Huschke,

651 4223 899 4291 Iurispr.
936 4227 1098 4277 antei.
1124 4224 1158 4275 l.
1185 4223 1219 4276 l.
1280 4222 1423 4290 apud
1470 4237 1648 4290 neque
1687 4222 1832 4288 apud
1869 4223 2019 4287 codd,
2055 4237 2121 4286 vy
2156 4236 2337 4289 neque
2375 4229 2507 4288 aput
2543 4219 2569 4247 ‘
2606 4222 2635 4253 *
2672 4221 2718 4273 *.
2771 4223 2916 4287 apud
2963 4287 2968 4290 j

648 4308 822 4362 Hertz
871 4326 1050 4378 neque
1103 4309 1244 4376 apud
1295 4326 1415 4361 eum
1469 4309 1630 4361 alium
1684 4304 1980 4360 Mommsen
2030 4315 2194 4374 atque
2245 4307 2389 4372 apud
2451 4307 2543 4370 Ya
2670 4308 2694 4343 ⁴
2745 4306 2915 4376 ferto]

648 4395 796 4449 ferro
853 4396 1143 4449 TYOrec.
1293 4399 1312 4431 ‘¹
1365 4396 1593 4447 feriatus
1652 4394 1937 4451 Turnebus
1999 4391 2233 4445 fen-tatus
2295 4394 2753 4457 QZBXOJJN
2806 4411 2919 4446 ser-

647 4488 793 4535 tatus
857 4483 980 4535 TY
1131 4483 1175 4519 ¹⁰
1225 4483 1371 4534 exuit
1423 4496 1480 4531 se
1527 4498 1590 4548 q,
1634 4483 1759 4533 coni
1793 4502 1849 4540 σ,
1911 4479 1962 4530 Ι.
1996 4481 2302 4532 Gronovius
2357 4480 2542 4531 exuise
2596 4481 2639 4545 Q
2699 4481 2916 4531 exuisse

651 4570 763 4626 ΖΒ
777 4571 820 4623 Ο
835 4578 896 4624 Π
906 4572 967 4623 Ν
995 4569 1255 4621 exusisse.
1296 4570 1358 4621 X
1387 4567 1533 4619 exuit
1578 4567 1628 4618 T
1646 4566 1699 4618 Y
