3407 5226
604 474 690 540 20

603 669 835 755 pilasse
869 669 906 733 ¹.
998 665 1258 734 alterius
1326 667 1576 752 generis
1642 666 1769 734 loci
1834 692 1975 735 cum
2043 666 2106 733 id
2182 691 2517 739 commune
2586 668 2882 752 habeant,

603 777 774 860 quod
836 775 1175 859 religiones
1233 776 1469 839 flamini
1537 777 2020 860 flaminicaeque
2067 778 2399 861 impositas
2447 777 2810 843 describant
2830 779 2877 862 2,

603 881 789 944 unius
836 880 1110 943 auctoris
1155 878 1406 958 librum,
1452 878 1622 944 unde
1669 881 1904 963 sumpti
1951 881 2112 958 sint,
2179 880 2615 945 demonstrant
2659 882 2876 946 similis

602 985 781 1047 illum
847 983 1104 1068 quidem
1162 983 1390 1046 indolis
1453 989 1644 1067 atque
1691 983 1933 1047 Masuri
1992 986 2518 1049 commentarium
2580 1008 2617 1048 a
2664 987 2872 1051 Gellio

603 1087 978 1165 adhibitum,
1009 1086 1120 1150 sed
1151 1087 1540 1170 pleniorem:
1577 1087 1755 1149 cuius
1781 1089 2058 1151 auctoris
2083 1109 2317 1153 nomen
2343 1112 2447 1154 me
2472 1110 2555 1152 ne
2588 1089 2876 1156 divinare

603 1191 861 1276 quidem
908 1189 1108 1254 libere
1153 1189 1478 1273 profiteor.
2937 1186 2940 1189 ’

812 1332 850 1374 a
894 1311 1085 1376 Festo
1136 1311 1217 1373 ad
1262 1311 1677 1373 Plutarchum
1741 1312 2103 1395 pergimus,
2167 1314 2277 1396 qui
2323 1314 2386 1375 in
2434 1315 2878 1397 quaestionum

603 1437 1005 1480 romanarum
1072 1437 1124 1480 c.
1193 1417 1295 1480 40.
1361 1418 1459 1477 44.
1529 1418 1631 1480 50.
1683 1417 1784 1480 86.
1840 1418 1980 1481 109.
2032 1419 2174 1480 110.
2225 1420 2365 1480 111.
2421 1419 2561 1483 112.
2613 1420 2733 1483 113
2798 1419 2877 1483 de

602 1521 871 1583 flaminis
931 1520 1407 1604 flaminicaeque
1473 1520 1867 1584 caerimoniis
1915 1521 2006 1584 ita
2052 1521 2412 1604 explicavit,
2460 1530 2533 1585 ut
2579 1528 2880 1606 quattuor

603 1625 759 1689 locis
825 1624 929 1705 (fr.
977 1625 1080 1688 23.
1129 1626 1212 1686 24
1257 1623 1319 1705 h,
1365 1624 1431 1704 k,
1476 1623 1541 1703 r)
1599 1624 1883 1707 exceptis
1947 1646 1981 1686 e
2030 1623 2300 1687 Pictoris
2361 1625 2720 1708 fragmento
2779 1648 2877 1708 ea,

603 1750 765 1812 quae
795 1728 872 1793 fr.
905 1731 988 1791 24
1018 1727 1244 1791 litteris
1291 1749 1347 1808 a,
1396 1748 1448 1809 c,
1494 1726 1535 1807 f,
1582 1727 1646 1806 k,
1692 1728 1734 1807 l,
1782 1749 1864 1809 m,
1912 1748 1969 1810 q,
2007 1733 2052 1807 t,
2098 1750 2143 1791 u
2190 1728 2456 1810 signavi,
2506 1733 2569 1792 et
2612 1727 2686 1793 fr.
2723 1731 2805 1792 46
2837 1729 2876 1791 d

604 1833 737 1896 fere
797 1833 1186 1895 verbotenus
1249 1852 1481 1913 graece
1540 1831 1933 1914 expressisse
1996 1831 2307 1894 videatur.
2397 1853 2607 1915 neque
2667 1837 2879 1895 tamen

605 1938 764 2000 certi
809 1936 1156 2021 quidquam
1201 1934 1348 1999 inde
1395 1934 1648 1999 efficere
1710 1935 1969 2012 liceret,
2028 1934 2148 1996 nisi
2192 1934 2574 1998 Plutarchus
2620 1935 2758 2018 ipse
2803 1957 2882 1999 ne

604 2039 1072 2124 desperandum
1119 2038 1301 2101 nobis
1351 2044 1520 2100 esset
1566 2038 2011 2102 consuluisset.
2072 2036 2136 2099 in
2185 2039 2559 2121 quaestione
2599 2036 2765 2102 enim
2799 2042 2881 2102 50

601 2165 838 2208 nomen
889 2143 1021 2206 eius
1071 2142 1280 2224 palam
1324 2143 1680 2225 proposuit,
1714 2141 1809 2204 ad
1858 2161 2044 2225 quem
2093 2148 2360 2226 propter
2401 2163 2612 2204 rerum
2652 2143 2880 2205 cohae-

602 2249 871 2312 rentiam
941 2247 1154 2310 omnia
1223 2252 1436 2308 cetera
1498 2244 1833 2307 referenda
1897 2251 2086 2308 sunt:
2155 2243 2257 2307 ὃιοὲ
2321 2244 2383 2307 τί
2442 2243 2475 2307 0‘
2524 2244 2726 2329 ἱερεύς
2772 2270 2880 2309 του

609 2350 760 2427 Διός
796 2348 1233 2431 ἀποθανούσης
1278 2345 1455 2436 αὐτῷ
1498 2354 1613 2426 τῆς
1656 2347 1930 2429 γυναικός
1982 2347 2319 2412 ἀπετίθετο
2364 2347 2481 2427 τήν
2524 2347 2751 2432 α’ρχῆν,
2797 2347 2883 2424 ὥς

601 2451 907 2533 Ατήιος
953 2452 1242 2537 ἱστόρηκε
1282 2450 1392 2534 (fr.
1426 2454 1508 2515 24
1540 2453 1612 2531 t).
1680 2473 1827 2515 ecce
1873 2473 2111 2516 novum
2156 2453 2309 2516 iuris
2341 2453 2598 2515 flaminii
2651 2458 2880 2515 testem

603 2559 862 2623 Ateium
913 2555 1369 2643 Capitonemss,
1417 2556 1521 2639 qui
1571 2562 1887 2637 quantum
1937 2556 2158 2620 auxilii
2202 2557 2387 2620 nobis
2433 2555 2661 2622 afferat
2705 2557 2880 2619 nulla

602 2664 980 2746 interposita
1024 2684 1204 2726 mora
1251 2661 1611 2746 expediam.
1683 2662 1917 2724 etenim
1951 2682 2101 2724 casu
2131 2660 2366 2723 factum
2414 2681 2571 2739 esse,
2617 2667 2688 2724 ut
2720 2682 2882 2744 quae

556 2800 564 2808 ·
602 2766 986 2829 Plutarchus
1031 2765 1302 2829 haberet
1335 2764 1414 2827 ab
1447 2764 1569 2826 isto
1603 2763 1807 2848 petita
1837 2784 1980 2826 cum
2014 2764 2212 2826 Fabio
2248 2764 2473 2826 mirum
2520 2764 2584 2826 in
2619 2764 2882 2828 modum

604 2869 1029 2948 concinerent,
1077 2868 1251 2932 haud
1292 2874 1447 2951 puto
1500 2867 1773 2931 dixeris:
1820 2869 2033 2951 itaque
2068 2868 2229 2931 ratio
2264 2866 2579 2951 quaedam
2609 2888 2876 2931 necesse

607 2980 704 3036 est
750 2972 1102 3035 intercedat
1147 2973 1311 3035 inter
1344 2971 1586 3034 Masuri
1619 2970 2123 3053 Sabini-librum,
2168 2970 2229 3032 in
2281 2992 2408 3055 quo
2442 2970 2683 3034 Gellius
2716 2970 2883 3035 Fabi

545 3142 549 3146 ,
603 3073 1064 3159 explicationes
1091 3077 1370 3159 integras
1406 3096 1548 3137 cum
1581 3075 1719 3159 ipso
1755 3074 1887 3138 eius
1923 3076 2175 3138 nomine
2207 3074 2505 3159 repperit,
2534 3080 2596 3138 et
2619 3075 2880 3139 Ateium

605 3178 999 3263 Capitonem.
1084 3181 1247 3241 hanc
1291 3186 1362 3241 ut
1394 3178 2056 3262 aperiamus,‚sufficit
2086 3177 2413 3240 Plutarchi
2446 3179 2881 3261 quaestionem

610 3284 729 3345 112
779 3304 926 3345 cum
966 3282 1125 3344 Fabi
1170 3282 1247 3347 fr.
1282 3284 1364 3345 24
1410 3283 1456 3343 k
1503 3290 1568 3345 et
1613 3282 1636 3343 l
1681 3288 1745 3345 et
1791 3282 2231 3366 quaestionem
2279 3284 2362 3345 50
2410 3303 2552 3344 cum
2600 3282 2762 3344 Fabi
2805 3281 2879 3345 fr.

608 3389 690 3449 24
738 3393 765 3449 t
815 3392 879 3448 et
927 3407 968 3448 u
1017 3386 1379 3450 contulisse.
1473 3384 1622 3447 dicit
1674 3385 1846 3448 enim
1891 3384 2279 3448 Plutarchus
2326 3406 2378 3450 c.
2431 3388 2554 3448 112
2600 3383 2702 3447 ὁιοέ
2750 3385 2886 3447 τίνα

603 3491 672 3555 δὲ
716 3490 916 3553 αἰτίαν
960 3488 1106 3552 οὐδὲ
1151 3495 1355 3551 κιττοῦ
1398 3494 1600 3569 θιγεῖν
1644 3489 1879 3571 ἐφίεται
1924 3493 2017 3574 τῷ
2062 3486 2216 3569 ἱερεῖ
2237 3495 2348 3551 τοῦ
2383 3487 2533 3564 Διός
2564 3486 2704 3551 οὐδὲ
2735 3486 2884 3551 ὁδ’ὀν

814 3754 831 3787 ¹
872 3752 1017 3819 quod
1053 3752 1109 3803 in
1146 3751 1413 3803 Varronis
1462 3751 1584 3801 loco
1636 3748 1983 3801 desideratur
2041 3748 2178 3800 illud
2199 3786 2212 3812 ‚
2267 3748 2413 3814 quod
2468 3748 2615 3814 apud
2650 3748 2880 3799 Paulum

607 3841 842 3908 amplius
876 3839 1083 3907 legitur
1119 3840 1207 3889 cui
1258 3837 1595 3902 affiqebatur
1645 3852 1788 3901 apex
1837 3837 2058 3900 virqula
2106 3837 2389 3899 oleayina,
2437 3851 2544 3885 non
2593 3833 2883 3885 admodum

605 3930 712 3980 hoc
748 3925 1055 3993 urgendum
1091 3926 1193 3988 est,
1232 3940 1353 3975 cum
1388 3923 1608 3973 minime
1645 3923 1860 3973 constet
1887 3921 2033 3987 apud
2059 3920 2296 3972 Gellium
2321 3920 2588 3972 Varronis
2627 3919 2695 3971 de
2731 3921 2882 3971 albo-

606 4014 798 4081 galero
835 4013 1015 4063 locum
1051 4011 1214 4077 plene
1256 4009 1591 4075 exscriptum
1629 4023 1771 4059 esse.

812 4099 832 4131 ²
882 4098 1009 4148 huic
1065 4096 1438 4148 observationi
1494 4095 1645 4145 solae
1703 4095 1924 4161 glossae
1980 4092 2135 4144 Paul.
2171 4109 2225 4159 p.
2270 4091 2367 4144 113
2418 4108 2459 4143 s,
2498 4109 2548 4143 v.
2587 4089 2884 4144 ‘infibulati’

611 4184 700 4246 (fr.
738 4183 828 4248 27)
868 4186 922 4235 et
958 4199 1012 4249 p.
1050 4180 1118 4232 65
1157 4199 1199 4233 s.
1238 4200 1289 4233 v.
1329 4178 1537 4232 ‘cincta’
1580 4180 1671 4243 (fr.
1712 4179 1801 4243 44)
1838 4179 2124 4231 adversari
2172 4177 2444 4229 videntur.
2518 4177 2616 4229 sed
2651 4182 2883 4245 utroque

602 4273 726 4323 loco
764 4274 1000 4338 apparet
1036 4268 1371 4336 imprudenti
1426 4266 1804 4333 epitomatoris
1862 4283 2027 4316 manu
2062 4264 2350 4331 praecepti
2386 4264 2628 4330 speciem
2664 4281 2883 4331 pessum

606 4358 793 4410 datam
834 4372 971 4408 esse.

816 4444 836 4477 3
873 4444 1128 4495 nimirum
1164 4444 1221 4493 in
1255 4440 1410 4492 libris
1449 4440 1516 4491 de
1555 4440 1673 4492 iure
1712 4439 1993 4507 pontificio
2031 4438 2264 4490 flaminis
2310 4436 2673 4488 caerimonias
2698 4451 2887 4503 perse·

605 4534 764 4582 cutus
803 4534 916 4597 est3
955 4532 1022 4581 cf.
1060 4530 1324 4581 Huschke
1360 4529 1398 4581 l.
1437 4529 1472 4579 1.
1516 4544 1569 4594 p.
1611 4527 1709 4580 118
1745 4545 1799 4579 n.
1839 4526 1919 4579 12.
