3407 5226
2644 443 2786 544 '47

500 671 750 732 tantum
814 670 1023 753 capita
1084 668 1356 754 religare
1427 673 1812 753 coeperunt3
1883 691 2031 735 nam
2098 669 2358 735 nudis
2426 671 2788 756 penitus

502 790 651 836 eos
714 772 1168 855 capitibus
1229 771 1648 837 incedere
1712 771 1961 838 nefas
2018 774 2381 838 fuerat.
2432 822 2447 837 .
2497 792 2787 837 verum

504 872 766 940 festis
812 873 1122 940 diebus
1170 874 1334 941 filo
1386 874 1802 961 deposito
1849 876 2132 960 pillea
2175 895 2548 941 necesse
2594 883 2786 940 erat

504 978 934 1062 accipere.
1023 977 1248 1044 Isidor.
1315 979 1474 1064 orig.
1540 978 1712 1043 XIX
1777 981 1899 1061 30,
1965 981 2003 1044 5
2071 1000 2288 1064 apex
2361 983 2459 1044 est
2526 977 2785 1063 pilleum

505 1080 693 1147 sutile
766 1080 894 1166 quo
968 1081 1336 1147 sacerdotes
1424 1082 1694 1166 gentiles
1785 1082 2173 1162 utebantur,
2263 1083 2624 1168 appellatus
2699 1082 2781 1146 ab
2829 1107 2855 1150 5

505 1184 881 1267 apiendo
926 1185 990 1250 id
1037 1192 1133 1251 est
1178 1185 1460 1272 ligand0.
1523 1207 1672 1250 nam
1719 1186 2055 1271 virgula
2099 1206 2267 1275 quae
2310 1187 2375 1251 in
2422 1187 2613 1271 pilleo
2648 1192 2786 1251 erat

505 1289 1152 1354 conectebatur
1197 1288 1360 1355 filo
1409 1289 1629 1375 quod
1678 1289 1969 1355 fiebat
2017 1312 2120 1355 ex
2169 1291 2368 1354 lana
2414 1290 2785 1356 hostiae.

504 1390 814 1476 Interpol.
877 1390 1054 1458 Serv,
1112 1392 1276 1457 Aen.
1344 1392 1403 1456 X
1470 1395 1598 1458 270
1659 1390 1890 1458 dicitur
1951 1399 2171 1458 autem
2235 1414 2456 1479 apex
2519 1394 2789 1476 virga,

506 1496 864 1577 quaein
928 1516 1249 1561 summo
1315 1496 1596 1582 pilleo
1660 1495 2113 1561 flaminum
2165 1497 2366 1573 lana
2421 1500 2789 1562 circum-

505 1598 706 1662 data
767 1604 850 1663 et
907 1598 1069 1664 filo
1133 1601 1595 1684 conligata
1640 1605 1833 1664 erat
1879 1650 1895 1665 .
1946 1650 1960 1665 .
2008 1621 2268 1686 apere
2315 1600 2485 1666 enim
2529 1606 2784 1666 veteres
2828 1628 2887 1673 10

504 1701 630 1764 ritu
695 1701 1028 1765 flaminum
1090 1701 1373 1786 adligare
1437 1701 1759 1768 dicebant.
1850 1702 2037 1767 Paul.
2084 1725 2141 1788 p.
2191 1705 2275 1767 23
2343 1704 2782 1789 apiculum

505 1803 701 1884 filum,
748 1824 874 1888 quo
922 1805 1209 1870 flamines
1258 1805 1537 1869 velatum
1581 1805 1830 1891 apicem
1875 1812 2132 1889 gerunt.

714 1924 883 1990 Fest.
931 1948 993 2011 p.
1044 1927 1169 1991 205
1217 1925 1721 1992 offendices
1769 1927 1860 1992 ait
1906 1948 2050 1992 esse
2095 1926 2304 1992 Titius
2352 1928 2588 2012 nodos,
2650 1931 2785 2014 qui·
2867 1937 2945 1999 21

508 2027 625 2092 bus
672 2048 847 2113 apex
893 2030 1245 2094 retineatur
1292 2035 1357 2094 et
1400 2030 1787 2097 remittatur.
1877 2039 1946 2095 at
1994 2030 2311 2096 Veranius
2366 2032 2607 2097 coriola
2654 2034 2787 2097 exi-

503 2132 755 2211 stimat,
820 2154 984 2217 quae
1048 2134 1178 2197 sint
1220 2133 1286 2198 in
1332 2134 1486 2199 loris
1531 2134 1767 2219 apicis,
1815 2134 2060 2220 ‘quibus
2107 2155 2275 2220 apex
2322 2136 2676 2201 retineatur
2722 2143 2786 2201 et
2831 2164 2887 2207 15

504 2235 891 2318 remittatur,
915 2256 1080 2321 quae
1104 2235 1185 2299 ab
1210 2235 1596 2300 offendendo
1621 2235 1933 2304 dicantur.
1967 2236 2196 2302 Glossa
2220 2260 2320 2324 ap.
2338 2237 2416 2303 G.
2436 2238 2789 2318 Loewium,

503 2336 839 2405 Prodrom.
888 2359 1061 2424 corp.
1109 2339 1304 2425 gloss.
1350 2360 1412 2424 p.
1463 2344 1535 2405 16
1584 2340 2030 2407 offendix:
2082 2341 2289 2408 nodus
2336 2342 2612 2428 proprie,
2659 2362 2786 2427 quo

505 2461 676 2526 apex
722 2442 1052 2508 flaminum
1096 2443 1411 2508 retinetur
1455 2451 1521 2507 et
1564 2444 1894 2527 premitur.

712 2546 884 2613 Fest.
955 2567 1016 2631 p.
1079 2547 1204 2611 355
1274 2568 1324 2612 s.
1393 2567 1447 2612 v,
1518 2548 1937 2612 tutulum:
2026 2548 2329 2633 quidam,
2418 2548 2788 2635 pilleum
2869 2557 2953 2622 22

710 2755 774 2809 21
850 2755 1000 2809 Fest.
1053 2771 1106 2822 p.
1150 2753 1253 2809 205
1303 2753 1723 2809 offendices
1772 2794 1786 2809 .
1823 2794 1837 2809 .
1874 2794 1888 2809 .
1943 2756 2295 2810 dicantur.
2368 2771 2496 2809 nam
2544 2773 2662 2809 cum
2715 2754 2785 2808 ad

506 2845 745 2895 mentum
785 2848 1108 2910 perventum
1145 2841 1231 2907 sit,
1273 2839 1501 2893 offendit
1540 2847 1800 2896 mentum.

710 2927 780 2982 22
853 2929 1000 2982 Fest.
1038 2943 1092 2995 p.
1127 2925 1231 2980 355
1267 2929 1502 2979 tutulum
1542 2930 1727 2981 vocari
1767 2928 1921 2981 aiunt
1958 2927 2350 2981 flaminicarum
2389 2928 2588 2995 eapitis
2627 2944 2788 2982 orna·

507 3019 780 3079 mentum,
830 3013 979 3081 quod
1028 3012 1125 3066 flat
1178 3012 1317 3064 vitta
1364 3028 1645 3080 purpurea
1694 3014 1898 3066 innexa
1946 3014 2221 3080 crinibus,
2276 3019 2330 3066 et
2365 3018 2695 3068 exstructum
2733 3014 2787 3066 in

510 3097 873 3151 altitudinem.
983 3096 1272 3165 quidam
1322 3136 1337 3151 .
1392 3135 1406 3150 .
1462 3135 1476 3150 .
1529 3114 1609 3150 vo
1630 3099 1796 3151 cari.
1904 3099 2111 3152 Ennius
2166 3100 2347 3163 (Enni
2393 3099 2585 3152 annal.
2617 3099 2709 3165 fr.
2744 3115 2792 3151 v.

513 3187 621 3238 124
657 3184 718 3237 V.
762 3187 869 3236 128
904 3183 1008 3248 M.)
1046 3179 1317 3251 'libaque,
1371 3183 1626 3249 fictores,
1662 3187 1881 3252 Argeos
1931 3191 1985 3238 et
2035 3183 2387 3254 [tutulatosJ’.
2457 3184 2641 3238 Varro
2678 3186 2713 3237 l.
2755 3185 2791 3236 1.

508 3270 619 3323 Vll
652 3269 721 3322 44
756 3267 1028 3337 ‘libaque,
1083 3270 1340 3336 fictores,
1389 3271 1601 3336 Argeos
1658 3274 1713 3322 et
1751 3271 2036 3324 tutulatos'
2074 3310 2089 3324 .
2126 3311 2138 3324 .
2174 3271 2391 3325 tutulati
2431 3268 2564 3323 dicti
2603 3270 2659 3336 ii,
2698 3271 2792 3338 qui

510 3357 563 3408 in
616 3356 790 3409 sacris
841 3355 894 3408 in
948 3356 1222 3422 capitibus
1274 3356 1478 3409 habere
1534 3357 1719 3409 solent
1756 3364 1816 3409 ut
1852 3362 2066 3408 metam.
2138 3356 2192 3408 id
2234 3359 2441 3410 tutulus
2478 3357 2792 3424 appellatus

509 3444 578 3495 ab
617 3458 683 3495 eo
723 3441 869 3511 quod
910 3446 1113 3496 matres
1150 3441 1389 3495 familias
1432 3444 1611 3495 crines
1648 3444 1975 3495 convolutos
2013 3443 2081 3495 ad
2120 3443 2379 3496 verticem
2419 3442 2618 3510 capitis
2654 3458 2793 3510 quos

508 3529 716 3582 habent
754 3530 893 3582 vitta
929 3529 1160 3594 velatos,
1199 3527 1531 3581 dicebantur
1571 3529 1752 3593 tutuli‚
1788 3529 1905 3582 sive
1942 3529 2011 3582 ab
2050 3545 2115 3581 eo
2154 3528 2381 3596 quodid
2408 3527 2597 3582 tuendi
2624 3544 2793 3583 causa

508 3614 695 3683 capilli
727 3612 916 3678 flebat,
951 3615 1067 3667 sive
1106 3615 1175 3668 ab
1214 3630 1281 3667 eo
1320 3612 1486 3681 quod,
1523 3614 1844 3668 altissimum
1883 3615 1937 3667 in
1979 3617 2113 3669 urbe
2152 3612 2299 3682 quod
2339 3616 2439 3676 est,
2477 3631 2594 3678 arx,
2634 3616 2793 3667 tutis-

509 3701 700 3753 simum
758 3705 1007 3754 vocatur.
1146 3701 1417 3767 Interpol.
1473 3700 1628 3754 Serv.
1686 3703 1826 3754 Aen.
1882 3702 1940 3754 II
1991 3700 2095 3756 683
2153 3700 2449 3754 Suetonius
2520 3699 2636 3765 (fr.
2690 3703 2791 3752 168

502 3804 563 3854 p.
601 3789 709 3840 268
749 3785 893 3852 Rff.)
942 3787 1049 3840 tria
1100 3801 1307 3854 genera
1358 3786 1651 3854 pilleorum
1707 3785 1879 3853 dixit,
1929 3786 2128 3855 quibus
2177 3785 2494 3840 sacerdotes
2543 3791 2791 3850 utuntur,

510 3874 721 3941 apicem
761 3875 994 3927 tutulum
1034 3874 1308 3940 galerum:
1347 3910 1361 3925 .
1387 3910 1401 3925 .
1440 3874 1675 3925 tutulum
1717 3873 1939 3941 pilleum
1976 3875 2218 3926 lanatum
2256 3876 2434 3925 metae
2469 3872 2645 3939 figura
2669 3888 2711 3924 e.
2737 3888 2788 3939 q.

511 3974 554 4010 s.
589 3959 666 4025 cs.
690 3958 944 4024 Fulyent.
982 3975 1037 4026 p.
1073 3961 1172 4012 561
1218 3977 1257 4012 s.
1310 3974 1359 4011 v.
1396 3960 1560 4012 tutuli
1577 3996 1592 4024 ‚
1644 3960 1834 4024 qlossa
1870 3959 2020 4027 apud
2060 3959 2125 4012 G.
2170 3958 2465 4025 Loewium,
2504 3957 2788 4010 Prodrom.

507 4058 654 4111 corp.
690 4044 852 4110 yloss.
884 4061 944 4112 p.
984 4047 1106 4098 377.

717 4238 739 4274 ⁹
774 4233 969 4304 pilleo]
1025 4235 1228 4304 pileum
1265 4237 1342 4299 F,
1392 4252 1519 4290 corr
1564 4235 1748 4301 Thilo,
1798 4235 1871 4301 cs.
1934 4235 2086 4288 Serv.
2125 4235 2260 4287 Aen.
2312 4232 2381 4284 ΙΙ
2429 4235 2533 4285 683
2586 4233 2789 4298 pileum

514 4320 876 4376 Commelinus
911 4324 1038 4375 lana
1076 4322 1440 4377 Commelinus
1477 4323 1608 4374 luna
1645 4322 1705 4373 F
1771 4321 1815 4357 ¹⁴
1839 4316 2137 4387 Veranius]
2177 4321 2388 4374 Verani
2419 4323 2791 4387 quaestionum

504 4408 909 4476 pontificalium
934 4409 1023 4474 fr.
1062 4409 1094 4459 9
1132 4423 1221 4476 ap.
1260 4405 1613 4471 Huschkium,
1652 4406 1906 4474 Iurispr.
1942 4410 2105 4460 antei.
2123 4407 2149 4444 ⁴
2176 4424 2236 4474 p.
2279 4408 2385 4458 106
2419 4422 2499 4475 sq.
2587 4407 2633 4442 ²⁸
2667 4422 2790 4474 pre-

512 4490 700 4563 mitur]
737 4494 849 4562 leye
886 4491 1199 4557 remittitur,
1241 4492 1315 4560 of.
1352 4493 1500 4545 Fest.
1550 4492 1586 4545 l.
1623 4492 1658 4545 l.
