<?xml version="1.0" encoding="UTF-8"?>
<!DOCTYPE html PUBLIC "-//W3C//DTD XHTML 1.0 Transitional//EN"
    "http://www.w3.org/TR/xhtml1/DTD/xhtml1-transitional.dtd">
<html xmlns="http://www.w3.org/1999/xhtml" xml:lang="en" lang="en">
 <head>
  <title>
</title>
<meta http-equiv="Content-Type" content="text/html;charset=utf-8" />
  <meta name='ocr-system' content='tesseract 3.04.00' />
  <meta name='ocr-capabilities' content='ocr_page ocr_carea ocr_par ocr_line ocrx_word'/>
</head>
<body>
  <div class='ocr_page' id='page_1' title='image "./quaestionumpont00petegoog_0071.png"; bbox 0 0 3407 5226; ppageno 0'>
   <div class='ocr_carea' id='block_1_1' title="bbox 2694 477 2772 543">
    <p class='ocr_par' dir='ltr' id='par_1_1' title="bbox 2694 477 2772 543">
     <span class='ocr_line' id='line_1_1' title="bbox 2694 477 2772 543; baseline 0.013 -1"><span class='ocrx_word' id='word_1_1' title='bbox 2694 477 2772 543; x_wconf 71' lang='lat'>67</span> 
     </span>
    </p>
   </div>
   <div class='ocr_carea' id='block_1_2' title="bbox 509 670 2777 1057">
    <p class='ocr_par' dir='ltr' id='par_1_2' title="bbox 509 670 2777 1057">
     <span class='ocr_line' id='line_1_2' title="bbox 511 670 2776 762; baseline -0.004 -19"><span class='ocrx_word' id='word_1_2' title='bbox 511 684 642 743; x_wconf 89' lang='lat' dir='ltr'>tum</span> <span class='ocrx_word' id='word_1_3' title='bbox 682 672 965 762; x_wconf 83' lang='lat' dir='ltr'>est,u[t]</span> <span class='ocrx_word' id='word_1_4' title='bbox 1012 674 1229 742; x_wconf 89' lang='lat' dir='ltr'>haec</span> <span class='ocrx_word' id='word_1_5' title='bbox 1274 670 1489 762; x_wconf 87' lang='lat' dir='ltr'>quod</span> <span class='ocrx_word' id='word_1_6' title='bbox 1542 672 1642 740; x_wconf 90' lang='lat' dir='ltr'>ad</span> <span class='ocrx_word' id='word_1_7' title='bbox 1691 694 1939 741; x_wconf 88' lang='lat' dir='ltr'>sacra</span> <span class='ocrx_word' id='word_1_8' title='bbox 1986 679 2315 739; x_wconf 84' lang='lat' dir='ltr'>tantum</span> <span class='ocrx_word' id='word_1_9' title='bbox 2363 672 2776 737; x_wconf 86' lang='lat' dir='ltr'>videatur</span> 
     </span>
     <span class='ocr_line' id='line_1_3' title="bbox 509 779 2777 866; baseline -0.003 -18"><span class='ocrx_word' id='word_1_10' title='bbox 509 788 588 850; x_wconf 93' lang='lat' dir='ltr'>in</span> <span class='ocrx_word' id='word_1_11' title='bbox 658 807 902 849; x_wconf 93' lang='lat' dir='ltr'>manu</span> <span class='ocrx_word' id='word_1_12' title='bbox 983 806 1208 861; x_wconf 86' lang='lat' dir='ltr'>esse,</span> <span class='ocrx_word' id='word_1_13' title='bbox 1287 781 1512 866; x_wconf 91' lang='lat' dir='ltr'>quod</span> <span class='ocrx_word' id='word_1_14' title='bbox 1585 803 1800 845; x_wconf 88' lang='lat' dir='ltr'>vero</span> <span class='ocrx_word' id='word_1_15' title='bbox 1858 779 1967 845; x_wconf 69' lang='lat' dir='ltr'>&#39;ad</span> <span class='ocrx_word' id='word_1_16' title='bbox 2044 785 2392 843; x_wconf 88' lang='lat' dir='ltr'>ceteras</span> <span class='ocrx_word' id='word_1_17' title='bbox 2469 799 2777 841; x_wconf 81' lang='lat' dir='ltr'>causas</span> 
     </span>
     <span class='ocr_line' id='line_1_4' title="bbox 509 884 2775 975; baseline -0.005 -21"><span class='ocrx_word' id='word_1_18' title='bbox 509 890 878 975; x_wconf 84' lang='lat' dir='ltr'>perinde</span> <span class='ocrx_word' id='word_1_19' title='bbox 949 888 1420 966; x_wconf 80' lang='lat' dir='ltr'>habeatur,</span> <span class='ocrx_word' id='word_1_20' title='bbox 1498 884 1858 970; x_wconf 89' lang='lat' dir='ltr'>a[t]que</span> <span class='ocrx_word' id='word_1_21' title='bbox 1930 884 1998 947; x_wconf 91' lang='lat' dir='ltr'>si</span> <span class='ocrx_word' id='word_1_22' title='bbox 2068 887 2149 947; x_wconf 91' lang='lat' dir='ltr'>in</span> <span class='ocrx_word' id='word_1_23' title='bbox 2215 904 2548 947; x_wconf 91' lang='lat' dir='ltr'>manum</span> <span class='ocrx_word' id='word_1_24' title='bbox 2614 903 2775 944; x_wconf 88' lang='lat' dir='ltr'>non</span> 
     </span>
     <span class='ocr_line' id='line_1_5' title="bbox 515 994 1107 1057; baseline -0.003 0"><span class='ocrx_word' id='word_1_25' title='bbox 515 994 1107 1057; x_wconf 84' lang='lat' dir='ltr'>convenisset.</span> 
     </span>
    </p>
   </div>
   <div class='ocr_carea' id='block_1_3' title="bbox 601 1304 2685 1380">
    <p class='ocr_par' dir='ltr' id='par_1_3' title="bbox 601 1304 2685 1380">
     <span class='ocr_line' id='line_1_6' title="bbox 601 1304 2685 1380; baseline -0.004 -3"><span class='ocrx_word' id='word_1_26' title='bbox 601 1314 735 1377; x_wconf 86' lang='lat' dir='ltr'>VII</span> <span class='ocrx_word' id='word_1_27' title='bbox 798 1312 916 1376; x_wconf 88' lang='lat' dir='ltr'>DE</span> <span class='ocrx_word' id='word_1_28' title='bbox 964 1310 1514 1375; x_wconf 86' lang='lat' dir='ltr'><strong>FLAMINIBUS</strong></span> <span class='ocrx_word' id='word_1_29' title='bbox 1564 1307 2009 1372; x_wconf 87' lang='lat' dir='ltr'>MARTIALI</span> <span class='ocrx_word' id='word_1_30' title='bbox 2054 1306 2165 1370; x_wconf 87' lang='grc' dir='ltr'>ΕΤ</span> <span class='ocrx_word' id='word_1_31' title='bbox 2213 1304 2685 1380; x_wconf 84' lang='lat' dir='ltr'><strong>QUIRINALI</strong></span> 
     </span>
    </p>
   </div>
   <div class='ocr_carea' id='block_1_4' title="bbox 512 1523 2777 1921">
    <p class='ocr_par' dir='ltr' id='par_1_4' title="bbox 512 1523 2777 1921">
     <span class='ocr_line' id='line_1_7' title="bbox 717 1523 2775 1605; baseline -0.004 -11"><span class='ocrx_word' id='word_1_32' title='bbox 717 1531 914 1594; x_wconf 82' lang='lat' dir='ltr'>Gaius</span> <span class='ocrx_word' id='word_1_33' title='bbox 980 1529 1124 1593; x_wconf 90' lang='lat' dir='ltr'>inst.</span> <span class='ocrx_word' id='word_1_34' title='bbox 1170 1528 1205 1591; x_wconf 95' lang='lat' dir='ltr'><strong>I</strong></span> <span class='ocrx_word' id='word_1_35' title='bbox 1269 1530 1390 1591; x_wconf 86' lang='lat'>112</span> <span class='ocrx_word' id='word_1_36' title='bbox 1451 1527 1867 1590; x_wconf 89' lang='lat' dir='ltr'>flamines</span> <span class='ocrx_word' id='word_1_37' title='bbox 1926 1527 2221 1605; x_wconf 89' lang='lat' dir='ltr'>maiores,</span> <span class='ocrx_word' id='word_1_38' title='bbox 2282 1525 2345 1587; x_wconf 88' lang='lat' dir='ltr'>id</span> <span class='ocrx_word' id='word_1_39' title='bbox 2404 1530 2498 1588; x_wconf 91' lang='lat' dir='ltr'>est</span> <span class='ocrx_word' id='word_1_40' title='bbox 2556 1523 2775 1587; x_wconf 84' lang='lat' dir='ltr'>Diales</span> 
     </span>
     <span class='ocr_line' id='line_1_8' title="bbox 512 1614 2776 1707; baseline -0.004 -9"><span class='ocrx_word' id='word_1_41' title='bbox 512 1635 956 1700; x_wconf 85' lang='lat' dir='ltr'>Martiales</span> <span class='ocrx_word' id='word_1_42' title='bbox 1031 1614 1516 1707; x_wconf 69' lang='lat' dir='ltr'>Quirinales</span> <span class='ocrx_word' id='word_1_43' title='bbox 1724 1631 1884 1693; x_wconf 90' lang='lat' dir='ltr'>nisi</span> <span class='ocrx_word' id='word_1_44' title='bbox 1958 1651 2052 1692; x_wconf 86' lang='lat' dir='ltr'>ex</span> <span class='ocrx_word' id='word_1_45' title='bbox 2127 1630 2531 1692; x_wconf 83' lang='lat' dir='ltr'>farreatis</span> <span class='ocrx_word' id='word_1_46' title='bbox 2604 1629 2776 1691; x_wconf 91' lang='lat' dir='ltr'>nati</span> 
     </span>
     <span class='ocr_line' id='line_1_9' title="bbox 515 1720 2777 1820; baseline -0.004 -19"><span class='ocrx_word' id='word_1_47' title='bbox 515 1735 726 1820; x_wconf 94' lang='lat' dir='ltr'>[n]on</span> <span class='ocrx_word' id='word_1_48' title='bbox 791 1720 1186 1820; x_wconf 85' lang='lat' dir='ltr'>leguntur</span> <span class='ocrx_word' id='word_1_49' title='bbox 1247 1757 1334 1798; x_wconf 87' lang='lat' dir='ltr'>ac</span> <span class='ocrx_word' id='word_1_50' title='bbox 1392 1756 1487 1798; x_wconf 94' lang='lat' dir='ltr'>ne</span> <span class='ocrx_word' id='word_1_51' title='bbox 1548 1734 1710 1818; x_wconf 89' lang='lat' dir='ltr'>ipsi</span> <span class='ocrx_word' id='word_1_52' title='bbox 1768 1733 2094 1816; x_wconf 87' lang='lat' dir='ltr'>quidem</span> <span class='ocrx_word' id='word_1_53' title='bbox 2149 1733 2333 1795; x_wconf 92' lang='lat' dir='ltr'>sine</span> <span class='ocrx_word' id='word_1_54' title='bbox 2391 1730 2777 1812; x_wconf 81' lang='lat' dir='ltr'>co[n]far-</span> 
     </span>
     <span class='ocr_line' id='line_1_10' title="bbox 513 1835 2773 1921; baseline -0.003 -17"><span class='ocrx_word' id='word_1_55' title='bbox 513 1838 946 1921; x_wconf 90' lang='lat' dir='ltr'>reat[i]one</span> <span class='ocrx_word' id='word_1_56' title='bbox 1002 1835 1623 1919; x_wconf 89' lang='lat' dir='ltr'>sacerdot[i]um</span> <span class='ocrx_word' id='word_1_57' title='bbox 1668 1836 1975 1900; x_wconf 92' lang='lat' dir='ltr'>habere</span> <span class='ocrx_word' id='word_1_58' title='bbox 2022 1843 2358 1920; x_wconf 91' lang='lat' dir='ltr'>possunt</span> <span class='ocrx_word' id='word_1_59' title='bbox 2405 1835 2625 1918; x_wconf 62' lang='lat' dir='ltr'>(fifr.</span> <span class='ocrx_word' id='word_1_60' title='bbox 2673 1836 2773 1898; x_wconf 79' lang='lat'>12.</span> 
     </span>
    </p>
   </div>
   <div class='ocr_carea' id='block_1_5' title="bbox 513 1958 2778 2251">
    <p class='ocr_par' dir='ltr' id='par_1_5' title="bbox 513 1958 2778 2251">
     <span class='ocr_line' id='line_1_11' title="bbox 718 1958 2778 2045; baseline -0.003 -19"><span class='ocrx_word' id='word_1_61' title='bbox 718 1961 1026 2045; x_wconf 89' lang='lat' dir='ltr'>Interpol.</span> <span class='ocrx_word' id='word_1_62' title='bbox 1076 1960 1253 2024; x_wconf 84' lang='lat' dir='ltr'>Serv.</span> <span class='ocrx_word' id='word_1_63' title='bbox 1301 1959 1464 2023; x_wconf 86' lang='lat' dir='ltr'>Aen.</span> <span class='ocrx_word' id='word_1_64' title='bbox 1498 1958 1667 2022; x_wconf 88' lang='lat' dir='ltr'><strong>VIII</strong></span> <span class='ocrx_word' id='word_1_65' title='bbox 1716 1961 1841 2021; x_wconf 83' lang='lat'>552</span> <span class='ocrx_word' id='word_1_66' title='bbox 1886 1960 2086 2021; x_wconf 90' lang='lat' dir='ltr'>veteri</span> <span class='ocrx_word' id='word_1_67' title='bbox 2133 1979 2454 2022; x_wconf 89' lang='lat' dir='ltr'>sacrorum</span> <span class='ocrx_word' id='word_1_68' title='bbox 2501 1960 2625 2021; x_wconf 89' lang='lat' dir='ltr'>ritu</span> <span class='ocrx_word' id='word_1_69' title='bbox 2672 1979 2778 2020; x_wconf 91' lang='lat' dir='ltr'>ne-</span> 
     </span>
     <span class='ocr_line' id='line_1_12' title="bbox 513 2061 2774 2150; baseline -0.003 -21"><span class='ocrx_word' id='word_1_70' title='bbox 513 2087 634 2150; x_wconf 91' lang='lat' dir='ltr'>que</span> <span class='ocrx_word' id='word_1_71' title='bbox 697 2065 1005 2128; x_wconf 89' lang='lat' dir='ltr'>Martialis</span> <span class='ocrx_word' id='word_1_72' title='bbox 1067 2084 1271 2147; x_wconf 90' lang='lat' dir='ltr'>neque</span> <span class='ocrx_word' id='word_1_73' title='bbox 1335 2061 1676 2135; x_wconf 84' lang='lat' dir='ltr'>Quirinalis</span> <span class='ocrx_word' id='word_1_74' title='bbox 1739 2062 1970 2124; x_wconf 87' lang='lat' dir='ltr'>flamen</span> <span class='ocrx_word' id='word_1_75' title='bbox 2033 2062 2320 2125; x_wconf 92' lang='lat' dir='ltr'>omnibus</span> <span class='ocrx_word' id='word_1_76' title='bbox 2384 2061 2774 2124; x_wconf 81' lang='lat' dir='ltr'>caerimoniis</span> 
     </span>
     <span class='ocr_line' id='line_1_13' title="bbox 513 2164 2778 2251; baseline -0.003 -18"><span class='ocrx_word' id='word_1_77' title='bbox 513 2171 882 2248; x_wconf 91' lang='lat' dir='ltr'>tenebatur,</span> <span class='ocrx_word' id='word_1_78' title='bbox 959 2169 1186 2251; x_wconf 92' lang='lat' dir='ltr'>quibus</span> <span class='ocrx_word' id='word_1_79' title='bbox 1259 2168 1489 2230; x_wconf 91' lang='lat' dir='ltr'>flamen</span> <span class='ocrx_word' id='word_1_80' title='bbox 1557 2165 1796 2229; x_wconf 84' lang='lat' dir='ltr'>Dialis:</span> <span class='ocrx_word' id='word_1_81' title='bbox 1870 2187 2074 2250; x_wconf 91' lang='lat' dir='ltr'>neque</span> <span class='ocrx_word' id='word_1_82' title='bbox 2151 2166 2389 2229; x_wconf 88' lang='lat' dir='ltr'>diurnis</span> <span class='ocrx_word' id='word_1_83' title='bbox 2464 2164 2778 2230; x_wconf 88' lang='lat' dir='ltr'>sacrificiis</span> 
     </span>
    </p>
   </div>
   <div class='ocr_carea' id='block_1_6' title="bbox 518 2337 923 2344">
    <p class='ocr_par' dir='ltr' id='par_1_6' title="bbox 518 2337 923 2344">
     <span class='ocr_line' id='line_1_14' title="bbox 518 2337 923 2344; baseline 0 2882"><span class='ocrx_word' id='word_1_84' title='bbox 518 2337 923 2344; x_wconf 95' lang='lat' dir='ltr'> </span> 
     </span>
    </p>
   </div>
   <div class='ocr_carea' id='block_1_7' title="bbox 717 2432 1172 2497">
    <p class='ocr_par' dir='ltr' id='par_1_7' title="bbox 717 2432 1172 2497">
     <span class='ocr_line' id='line_1_15' title="bbox 717 2432 1172 2497; baseline -0.011 -11"><span class='ocrx_word' id='word_1_85' title='bbox 717 2433 786 2486; x_wconf 78' lang='lat'>53</span> <span class='ocrx_word' id='word_1_86' title='bbox 854 2432 926 2497; x_wconf 86' lang='lat' dir='ltr'>cf.</span> <span class='ocrx_word' id='word_1_87' title='bbox 952 2432 1042 2496; x_wconf 82' lang='lat' dir='ltr'>fr.</span> <span class='ocrx_word' id='word_1_88' title='bbox 1088 2435 1172 2482; x_wconf 85' lang='lat'>12.</span> 
     </span>
    </p>
   </div>
   <div class='ocr_carea' id='block_1_8' title="bbox 2857 1532 2937 1592">
    <p class='ocr_par' dir='ltr' id='par_1_8' title="bbox 2857 1532 2937 1592">
     <span class='ocr_line' id='line_1_16' title="bbox 2857 1532 2937 1592; baseline -0.038 0"><span class='ocrx_word' id='word_1_89' title='bbox 2857 1532 2937 1592; x_wconf 86' lang='lat'>53</span> 
     </span>
    </p>
   </div>
   <div class='ocr_carea' id='block_1_9' title="bbox 2811 1970 2984 2030">
    <p class='ocr_par' dir='ltr' id='par_1_9' title="bbox 2811 1970 2984 2030">
     <span class='ocr_line' id='line_1_17' title="bbox 2811 1970 2984 2030; baseline 0.012 -2"><span class='ocrx_word' id='word_1_90' title='bbox 2811 1988 2865 2029; x_wconf 90' lang='lat'>10</span> <span class='ocrx_word' id='word_1_91' title='bbox 2902 1970 2984 2030; x_wconf 86' lang='lat'>54</span> 
     </span>
    </p>
   </div>
   <div class='ocr_carea' id='block_1_10' title="bbox 715 2498 2878 2613">
    <p class='ocr_par' dir='ltr' id='par_1_10' title="bbox 715 2498 2878 2613">
     <span class='ocr_line' id='line_1_18' title="bbox 715 2498 2878 2613; baseline -0.002 -24"><span class='ocrx_word' id='word_1_92' title='bbox 715 2537 783 2590; x_wconf 83' lang='lat'>54</span> <span class='ocrx_word' id='word_1_93' title='bbox 853 2537 1116 2603; x_wconf 88' lang='lat' dir='ltr'>Interpol.</span> <span class='ocrx_word' id='word_1_94' title='bbox 1145 2534 1295 2587; x_wconf 80' lang='lat' dir='ltr'>Serv.</span> <span class='ocrx_word' id='word_1_95' title='bbox 1324 2533 1461 2584; x_wconf 88' lang='lat' dir='ltr'>Aen.</span> <span class='ocrx_word' id='word_1_96' title='bbox 1490 2533 1628 2584; x_wconf 90' lang='lat' dir='ltr'><strong>VIII</strong></span> <span class='ocrx_word' id='word_1_97' title='bbox 1654 2532 1756 2586; x_wconf 84' lang='lat'>552</span> <span class='ocrx_word' id='word_1_98' title='bbox 1790 2538 1844 2584; x_wconf 89' lang='lat' dir='ltr'>et</span> <span class='ocrx_word' id='word_1_99' title='bbox 1879 2533 2035 2584; x_wconf 91' lang='lat' dir='ltr'>multi</span> <span class='ocrx_word' id='word_1_100' title='bbox 2070 2535 2174 2586; x_wconf 89' lang='lat' dir='ltr'>hoc</span> <span class='ocrx_word' id='word_1_101' title='bbox 2210 2535 2331 2586; x_wconf 88' lang='lat' dir='ltr'>loco</span> <span class='ocrx_word' id='word_1_102' title='bbox 2367 2535 2777 2613; x_wconf 84' lang='lat' dir='ltr'>reprehendunt</span> <span class='ocrx_word' id='word_1_103' title='bbox 2871 2498 2878 2503; x_wconf 17' lang='grc' dir='ltr'><strong>ὓ</strong></span> 
     </span>
    </p>
   </div>
   <div class='ocr_carea' id='block_1_11' title="bbox 509 2622 2777 4340">
    <p class='ocr_par' dir='ltr' id='par_1_11' title="bbox 509 2622 2777 4340">
     <span class='ocr_line' id='line_1_19' title="bbox 513 2622 2776 2693; baseline -0.002 -15"><span class='ocrx_word' id='word_1_104' title='bbox 513 2626 836 2693; x_wconf 86' lang='lat' dir='ltr'>Vergilium,</span> <span class='ocrx_word' id='word_1_105' title='bbox 875 2624 1018 2691; x_wconf 93' lang='lat' dir='ltr'>quod</span> <span class='ocrx_word' id='word_1_106' title='bbox 1055 2622 1169 2691; x_wconf 91' lang='lat' dir='ltr'>(qui</span> <span class='ocrx_word' id='word_1_107' title='bbox 1223 2623 1284 2686; x_wconf 86' lang='lat' dir='ltr'>T,</span> <span class='ocrx_word' id='word_1_108' title='bbox 1321 2638 1417 2675; x_wconf 91' lang='lat' dir='ltr'>cur</span> <span class='ocrx_word' id='word_1_109' title='bbox 1465 2622 1712 2687; x_wconf 77' lang='lat' dir='ltr'>Schoell),</span> <span class='ocrx_word' id='word_1_110' title='bbox 1757 2638 1876 2672; x_wconf 88' lang='lat' dir='ltr'>cum</span> <span class='ocrx_word' id='word_1_111' title='bbox 1918 2622 2162 2673; x_wconf 86' lang='lat' dir='ltr'>Aeneam</span> <span class='ocrx_word' id='word_1_112' title='bbox 2213 2622 2412 2689; x_wconf 92' lang='lat' dir='ltr'>ubique</span> <span class='ocrx_word' id='word_1_113' title='bbox 2466 2623 2776 2689; x_wconf 89' lang='lat' dir='ltr'>pontificem</span> 
     </span>
     <span class='ocr_line' id='line_1_20' title="bbox 514 2692 2775 2784; baseline -0.002 -20"><span class='ocrx_word' id='word_1_114' title='bbox 514 2712 798 2777; x_wconf 91' lang='lat' dir='ltr'>ostendat,</span> <span class='ocrx_word' id='word_1_115' title='bbox 848 2715 903 2763; x_wconf 90' lang='lat' dir='ltr'>et</span> <span class='ocrx_word' id='word_1_116' title='bbox 943 2709 1296 2784; x_wconf 58' lang='lat' dir='ltr'>&#39;ontificibus</span> <span class='ocrx_word' id='word_1_117' title='bbox 1348 2725 1455 2760; x_wconf 92' lang='lat' dir='ltr'>non</span> <span class='ocrx_word' id='word_1_118' title='bbox 1491 2710 1658 2760; x_wconf 88' lang='lat' dir='ltr'>liceat</span> <span class='ocrx_word' id='word_1_119' title='bbox 1695 2724 1834 2775; x_wconf 92' lang='lat' dir='ltr'>equo</span> <span class='ocrx_word' id='word_1_120' title='bbox 1872 2708 2024 2773; x_wconf 86' lang='lat' dir='ltr'>vehi,</span> <span class='ocrx_word' id='word_1_121' title='bbox 2077 2692 2174 2760; x_wconf 83' lang='lat' dir='ltr'>sed</span> <span class='ocrx_word' id='word_1_122' title='bbox 2210 2694 2400 2774; x_wconf 77' lang='lat' dir='ltr'>curru,</span> <span class='ocrx_word' id='word_1_123' title='bbox 2454 2710 2593 2760; x_wconf 89' lang='lat' dir='ltr'>sicut</span> <span class='ocrx_word' id='word_1_124' title='bbox 2630 2714 2685 2760; x_wconf 91' lang='lat' dir='ltr'>et</span> <span class='ocrx_word' id='word_1_125' title='bbox 2721 2710 2775 2760; x_wconf 93' lang='lat' dir='ltr'>in</span> 
     </span>
     <span class='ocr_line' id='line_1_21' title="bbox 513 2794 2777 2868; baseline -0.001 -18"><span class='ocrx_word' id='word_1_126' title='bbox 513 2799 745 2868; x_wconf 88' lang='lat' dir='ltr'>septimo</span> <span class='ocrx_word' id='word_1_127' title='bbox 770 2794 924 2864; x_wconf 81' lang='lat'>&lt;280&gt;</span> <span class='ocrx_word' id='word_1_128' title='bbox 949 2814 982 2848; x_wconf 90' lang='lat' dir='ltr'>a</span> <span class='ocrx_word' id='word_1_129' title='bbox 1006 2795 1202 2848; x_wconf 91' lang='lat' dir='ltr'>Latino</span> <span class='ocrx_word' id='word_1_130' title='bbox 1245 2796 1296 2846; x_wconf 92' lang='lat' dir='ltr'>ei</span> <span class='ocrx_word' id='word_1_131' title='bbox 1335 2812 1551 2846; x_wconf 88' lang='lat' dir='ltr'>currum</span> <span class='ocrx_word' id='word_1_132' title='bbox 1577 2795 1801 2846; x_wconf 87' lang='lat' dir='ltr'>missum</span> <span class='ocrx_word' id='word_1_133' title='bbox 1839 2795 1987 2860; x_wconf 91' lang='lat' dir='ltr'>dicit,</span> <span class='ocrx_word' id='word_1_134' title='bbox 2028 2811 2122 2846; x_wconf 91' lang='lat' dir='ltr'>cur</span> <span class='ocrx_word' id='word_1_135' title='bbox 2159 2796 2248 2847; x_wconf 87' lang='lat' dir='ltr'>hic</span> <span class='ocrx_word' id='word_1_136' title='bbox 2286 2812 2425 2863; x_wconf 91' lang='lat' dir='ltr'>equo</span> <span class='ocrx_word' id='word_1_137' title='bbox 2464 2814 2584 2848; x_wconf 90' lang='lat' dir='ltr'>eum</span> <span class='ocrx_word' id='word_1_138' title='bbox 2620 2813 2777 2848; x_wconf 90' lang='lat' dir='ltr'>usum</span> 
     </span>
     <span class='ocr_line' id='line_1_22' title="bbox 512 2881 2777 2949; baseline -0.001 -12"><span class='ocrx_word' id='word_1_139' title='bbox 512 2887 682 2939; x_wconf 84' lang='lat' dir='ltr'>faciat</span> <span class='ocrx_word' id='word_1_140' title='bbox 718 2883 817 2946; x_wconf 70' lang='lat' dir='ltr'>(ita</span> <span class='ocrx_word' id='word_1_141' title='bbox 855 2882 1240 2946; x_wconf 71' lang='lat' dir='ltr'>Commelv&#39;nus,</span> <span class='ocrx_word' id='word_1_142' title='bbox 1292 2882 1472 2949; x_wconf 90' lang='lat' dir='ltr'>ipsum</span> <span class='ocrx_word' id='word_1_143' title='bbox 1522 2882 1691 2933; x_wconf 86' lang='lat' dir='ltr'>faciat</span> <span class='ocrx_word' id='word_1_144' title='bbox 1736 2881 1805 2946; x_wconf 83' lang='lat' dir='ltr'>F,</span> <span class='ocrx_word' id='word_1_145' title='bbox 1854 2888 2190 2933; x_wconf 73' lang='lat' dir='ltr'>evanuerunt</span> <span class='ocrx_word' id='word_1_146' title='bbox 2225 2884 2351 2933; x_wconf 79' lang='lat' dir='ltr'>haec</span> <span class='ocrx_word' id='word_1_147' title='bbox 2388 2883 2545 2934; x_wconf 82' lang='lat' dir='ltr'>verba</span> <span class='ocrx_word' id='word_1_148' title='bbox 2583 2887 2643 2935; x_wconf 69' lang='lat' dir='ltr'>in</span> <span class='ocrx_word' id='word_1_149' title='bbox 2691 2883 2777 2949; x_wconf 84' lang='lat' dir='ltr'>T),</span> 
     </span>
     <span class='ocr_line' id='line_1_23' title="bbox 514 2968 2775 3036; baseline -0 -13"><span class='ocrx_word' id='word_1_150' title='bbox 514 2972 699 3024; x_wconf 91' lang='lat' dir='ltr'>dicens</span> <span class='ocrx_word' id='word_1_151' title='bbox 751 2970 970 3021; x_wconf 87' lang='lat' dir='ltr'>‘ducunt</span> <span class='ocrx_word' id='word_1_152' title='bbox 1019 2972 1266 3020; x_wconf 87' lang='lat' dir='ltr'>exortem</span> <span class='ocrx_word' id='word_1_153' title='bbox 1302 2969 1554 3032; x_wconf 81' lang='lat' dir='ltr'>Aeneae,</span> <span class='ocrx_word' id='word_1_154' title='bbox 1607 2984 1764 3034; x_wconf 90' lang='lat' dir='ltr'>quem</span> <span class='ocrx_word' id='word_1_155' title='bbox 1804 2968 1956 3019; x_wconf 86' lang='lat' dir='ltr'>fulva</span> <span class='ocrx_word' id='word_1_156' title='bbox 2004 2969 2179 3019; x_wconf 89' lang='lat' dir='ltr'>leonis</span> <span class='ocrx_word' id='word_1_157' title='bbox 2228 2969 2389 3036; x_wconf 90' lang='lat' dir='ltr'>pellis</span> <span class='ocrx_word' id='word_1_158' title='bbox 2441 2970 2554 3021; x_wconf 93' lang='lat' dir='ltr'>obit</span> <span class='ocrx_word' id='word_1_159' title='bbox 2604 2976 2775 3022; x_wconf 92' lang='lat' dir='ltr'>totum</span> 
     </span>
     <span class='ocr_line' id='line_1_24' title="bbox 509 3052 2775 3125; baseline -0.001 -15"><span class='ocrx_word' id='word_1_160' title='bbox 509 3058 864 3125; x_wconf 84' lang='lat' dir='ltr'>praefulgens</span> <span class='ocrx_word' id='word_1_161' title='bbox 912 3056 1184 3123; x_wconf 88' lang='lat' dir='ltr'>unguibus</span> <span class='ocrx_word' id='word_1_162' title='bbox 1242 3056 1472 3121; x_wconf 87' lang='lat' dir='ltr'>aureis&#39;,</span> <span class='ocrx_word' id='word_1_163' title='bbox 1523 3056 1653 3106; x_wconf 90' lang='lat' dir='ltr'>item</span> <span class='ocrx_word' id='word_1_164' title='bbox 1689 3052 1843 3121; x_wconf 72' lang='lat'>&lt;585&gt;</span> <span class='ocrx_word' id='word_1_165' title='bbox 1879 3053 2109 3122; x_wconf 90' lang='lat' dir='ltr'>‘iamque</span> <span class='ocrx_word' id='word_1_166' title='bbox 2164 3056 2302 3107; x_wconf 90' lang='lat' dir='ltr'>adeo</span> <span class='ocrx_word' id='word_1_167' title='bbox 2354 3058 2565 3110; x_wconf 88' lang='lat' dir='ltr'>exierat</span> <span class='ocrx_word' id='word_1_168' title='bbox 2601 3058 2775 3124; x_wconf 83' lang='lat' dir='ltr'>portis</span> 
     </span>
     <span class='ocr_line' id='line_1_25' title="bbox 511 3139 2773 3216; baseline -0.001 -20"><span class='ocrx_word' id='word_1_169' title='bbox 511 3146 785 3212; x_wconf 86' lang='lat' dir='ltr'>equitatus</span> <span class='ocrx_word' id='word_1_170' title='bbox 824 3143 1031 3209; x_wconf 86' lang='lat' dir='ltr'>apertis</span> <span class='ocrx_word' id='word_1_171' title='bbox 1068 3144 1286 3194; x_wconf 86' lang='lat' dir='ltr'>Aeneas</span> <span class='ocrx_word' id='word_1_172' title='bbox 1325 3143 1467 3193; x_wconf 88' lang='lat' dir='ltr'>inter</span> <span class='ocrx_word' id='word_1_173' title='bbox 1506 3139 1745 3216; x_wconf 82' lang='lat' dir='ltr'>primos’.</span> <span class='ocrx_word' id='word_1_174' title='bbox 1837 3142 1988 3193; x_wconf 90' lang='lat' dir='ltr'>cuius</span> <span class='ocrx_word' id='word_1_175' title='bbox 2025 3143 2107 3193; x_wconf 90' lang='lat' dir='ltr'>rei</span> <span class='ocrx_word' id='word_1_176' title='bbox 2145 3145 2281 3194; x_wconf 91' lang='lat' dir='ltr'>haec</span> <span class='ocrx_word' id='word_1_177' title='bbox 2319 3143 2563 3200; x_wconf 84' lang='lat' dir='ltr'>redditur</span> <span class='ocrx_word' id='word_1_178' title='bbox 2603 3145 2773 3196; x_wconf 88' lang='lat' dir='ltr'>ratio:</span> 
     </span>
     <span class='ocr_line' id='line_1_26' title="bbox 511 3228 2776 3297; baseline -0 -15"><span class='ocrx_word' id='word_1_179' title='bbox 511 3232 753 3282; x_wconf 88' lang='lat' dir='ltr'>Aeneam</span> <span class='ocrx_word' id='word_1_180' title='bbox 792 3245 899 3281; x_wconf 92' lang='lat' dir='ltr'>non</span> <span class='ocrx_word' id='word_1_181' title='bbox 941 3232 1151 3281; x_wconf 89' lang='lat' dir='ltr'>tantum</span> <span class='ocrx_word' id='word_1_182' title='bbox 1187 3228 1450 3295; x_wconf 87' lang='lat' dir='ltr'>pontificii</span> <span class='ocrx_word' id='word_1_183' title='bbox 1488 3229 1652 3293; x_wconf 78' lang='lat' dir='ltr'>iuriS,</span> <span class='ocrx_word' id='word_1_184' title='bbox 1709 3228 1806 3279; x_wconf 87' lang='lat' dir='ltr'>sed</span> <span class='ocrx_word' id='word_1_185' title='bbox 1856 3230 2090 3281; x_wconf 90' lang='lat' dir='ltr'>omnium</span> <span class='ocrx_word' id='word_1_186' title='bbox 2132 3245 2411 3281; x_wconf 86' lang='lat' dir='ltr'>sacrorum</span> <span class='ocrx_word' id='word_1_187' title='bbox 2450 3235 2505 3281; x_wconf 87' lang='lat' dir='ltr'>et</span> <span class='ocrx_word' id='word_1_188' title='bbox 2540 3231 2776 3297; x_wconf 87' lang='lat' dir='ltr'>peritum</span> 
     </span>
     <span class='ocr_line' id='line_1_27' title="bbox 513 3315 2776 3385; baseline 0 -17"><span class='ocrx_word' id='word_1_189' title='bbox 513 3322 566 3369; x_wconf 92' lang='lat' dir='ltr'>et</span> <span class='ocrx_word' id='word_1_190' title='bbox 592 3318 824 3385; x_wconf 91' lang='lat' dir='ltr'>primum</span> <span class='ocrx_word' id='word_1_191' title='bbox 858 3316 1046 3381; x_wconf 88' lang='lat' dir='ltr'>fuisse,</span> <span class='ocrx_word' id='word_1_192' title='bbox 1074 3315 1380 3382; x_wconf 86' lang='lat' dir='ltr'>Vergilium</span> <span class='ocrx_word' id='word_1_193' title='bbox 1418 3319 1600 3367; x_wconf 88' lang='lat' dir='ltr'>autem</span> <span class='ocrx_word' id='word_1_194' title='bbox 1637 3317 1859 3368; x_wconf 88' lang='lat' dir='ltr'>inventa</span> <span class='ocrx_word' id='word_1_195' title='bbox 1896 3318 2181 3368; x_wconf 80' lang='lat' dir='ltr'>occasione</span> <span class='ocrx_word' id='word_1_196' title='bbox 2219 3317 2381 3368; x_wconf 91' lang='lat' dir='ltr'>ritum</span> <span class='ocrx_word' id='word_1_197' title='bbox 2407 3318 2776 3370; x_wconf 86' lang='lat' dir='ltr'>Romanarum</span> 
     </span>
     <span class='ocr_line' id='line_1_28' title="bbox 514 3403 2775 3471; baseline -0 -15"><span class='ocrx_word' id='word_1_198' title='bbox 514 3404 967 3456; x_wconf 88' lang='lat' dir='ltr'>caerimoniarum</span> <span class='ocrx_word' id='word_1_199' title='bbox 1019 3419 1311 3469; x_wconf 85' lang='lat' dir='ltr'>exponere.</span> <span class='ocrx_word' id='word_1_200' title='bbox 1401 3403 1601 3454; x_wconf 89' lang='lat' dir='ltr'>etenim</span> <span class='ocrx_word' id='word_1_201' title='bbox 1651 3405 1940 3455; x_wconf 85' lang='lat' dir='ltr'>veteri.</span> <span class='ocrx_word' id='word_1_202' title='bbox 1982 3443 1994 3455; x_wconf 91' lang='lat'><strong>.</strong></span> <span class='ocrx_word' id='word_1_203' title='bbox 2032 3445 2043 3457; x_wconf 93' lang='lat'><strong>.</strong></span> <span class='ocrx_word' id='word_1_204' title='bbox 2088 3404 2296 3456; x_wconf 87' lang='lat' dir='ltr'>soliti</span> <span class='ocrx_word' id='word_1_205' title='bbox 2347 3409 2566 3456; x_wconf 86' lang='lat' dir='ltr'>erant.</span> <span class='ocrx_word' id='word_1_206' title='bbox 2642 3421 2775 3471; x_wconf 90' lang='lat' dir='ltr'>ergo</span> 
     </span>
     <span class='ocr_line' id='line_1_29' title="bbox 513 3489 2776 3558; baseline -0 -16"><span class='ocrx_word' id='word_1_207' title='bbox 513 3492 559 3542; x_wconf 85' lang='lat' dir='ltr'>si</span> <span class='ocrx_word' id='word_1_208' title='bbox 585 3492 666 3542; x_wconf 89' lang='lat' dir='ltr'>ire</span> <span class='ocrx_word' id='word_1_209' title='bbox 694 3492 771 3542; x_wconf 89' lang='lat' dir='ltr'>eis</span> <span class='ocrx_word' id='word_1_210' title='bbox 799 3491 852 3541; x_wconf 91' lang='lat' dir='ltr'>in</span> <span class='ocrx_word' id='word_1_211' title='bbox 889 3490 1229 3556; x_wconf 87' lang='lat' dir='ltr'>provinciam</span> <span class='ocrx_word' id='word_1_212' title='bbox 1266 3489 1485 3554; x_wconf 88' lang='lat' dir='ltr'>licebat,</span> <span class='ocrx_word' id='word_1_213' title='bbox 1523 3493 1580 3540; x_wconf 94' lang='lat' dir='ltr'>et</span> <span class='ocrx_word' id='word_1_214' title='bbox 1618 3506 1756 3557; x_wconf 92' lang='lat' dir='ltr'>equo</span> <span class='ocrx_word' id='word_1_215' title='bbox 1793 3491 1909 3541; x_wconf 90' lang='lat' dir='ltr'>sine</span> <span class='ocrx_word' id='word_1_216' title='bbox 1944 3492 2215 3558; x_wconf 85' lang='lat' dir='ltr'>religione</span> <span class='ocrx_word' id='word_1_217' title='bbox 2252 3492 2378 3543; x_wconf 87' lang='lat' dir='ltr'>vehi</span> <span class='ocrx_word' id='word_1_218' title='bbox 2415 3491 2591 3543; x_wconf 86' lang='lat' dir='ltr'>licuit:</span> <span class='ocrx_word' id='word_1_219' title='bbox 2630 3491 2776 3558; x_wconf 91' lang='lat' dir='ltr'>quod</span> 
     </span>
     <span class='ocr_line' id='line_1_30' title="bbox 511 3576 2775 3646; baseline -0.001 -16"><span class='ocrx_word' id='word_1_220' title='bbox 511 3580 599 3631; x_wconf 91' lang='lat' dir='ltr'>hic</span> <span class='ocrx_word' id='word_1_221' title='bbox 651 3576 919 3641; x_wconf 86' lang='lat' dir='ltr'>ostendit,</span> <span class='ocrx_word' id='word_1_222' title='bbox 970 3577 1119 3627; x_wconf 88' lang='lat' dir='ltr'>velut</span> <span class='ocrx_word' id='word_1_223' title='bbox 1169 3576 1224 3626; x_wconf 92' lang='lat' dir='ltr'>in</span> <span class='ocrx_word' id='word_1_224' title='bbox 1272 3576 1611 3642; x_wconf 81' lang='lat' dir='ltr'>provinciam</span> <span class='ocrx_word' id='word_1_225' title='bbox 1662 3577 1828 3628; x_wconf 89' lang='lat' dir='ltr'>misso</span> <span class='ocrx_word' id='word_1_226' title='bbox 1864 3577 2086 3629; x_wconf 89' lang='lat' dir='ltr'>Aeneae</span> <span class='ocrx_word' id='word_1_227' title='bbox 2140 3595 2333 3646; x_wconf 90' lang='lat' dir='ltr'>equum</span> <span class='ocrx_word' id='word_1_228' title='bbox 2385 3578 2600 3630; x_wconf 85' lang='lat' dir='ltr'>datum:</span> <span class='ocrx_word' id='word_1_229' title='bbox 2650 3595 2775 3630; x_wconf 89' lang='lat' dir='ltr'>nam</span> 
     </span>
     <span class='ocr_line' id='line_1_31' title="bbox 510 3660 2772 3733; baseline 0 -17"><span class='ocrx_word' id='word_1_230' title='bbox 510 3665 766 3718; x_wconf 87' lang='lat' dir='ltr'>Euander</span> <span class='ocrx_word' id='word_1_231' title='bbox 804 3666 910 3715; x_wconf 91' lang='lat' dir='ltr'>hoc</span> <span class='ocrx_word' id='word_1_232' title='bbox 948 3664 1025 3715; x_wconf 92' lang='lat' dir='ltr'>ait</span> <span class='ocrx_word' id='word_1_233' title='bbox 1061 3660 1216 3730; x_wconf 86' lang='lat'>&lt;475&gt;</span> <span class='ocrx_word' id='word_1_234' title='bbox 1255 3661 1366 3714; x_wconf 85' lang='lat' dir='ltr'>‘sed</span> <span class='ocrx_word' id='word_1_235' title='bbox 1399 3663 1499 3714; x_wconf 89' lang='lat' dir='ltr'>tibi</span> <span class='ocrx_word' id='word_1_236' title='bbox 1525 3680 1630 3730; x_wconf 88' lang='lat' dir='ltr'>ego</span> <span class='ocrx_word' id='word_1_237' title='bbox 1657 3664 1909 3730; x_wconf 86' lang='lat' dir='ltr'>ingentes</span> <span class='ocrx_word' id='word_1_238' title='bbox 1936 3667 2166 3731; x_wconf 83' lang='lat' dir='ltr'>populos</span> <span class='ocrx_word' id='word_1_239' title='bbox 2194 3667 2560 3733; x_wconf 89' lang='lat' dir='ltr'>opulentaque</span> <span class='ocrx_word' id='word_1_240' title='bbox 2585 3665 2772 3732; x_wconf 92' lang='lat' dir='ltr'>regnis</span> 
     </span>
     <span class='ocr_line' id='line_1_32' title="bbox 509 3748 2773 3819; baseline 0 -17"><span class='ocrx_word' id='word_1_241' title='bbox 509 3754 737 3819; x_wconf 88' lang='lat' dir='ltr'>iungere</span> <span class='ocrx_word' id='word_1_242' title='bbox 789 3755 972 3803; x_wconf 87' lang='lat' dir='ltr'>castra</span> <span class='ocrx_word' id='word_1_243' title='bbox 1023 3751 1196 3817; x_wconf 88' lang='lat' dir='ltr'>paro&#39;,</span> <span class='ocrx_word' id='word_1_244' title='bbox 1249 3748 1446 3801; x_wconf 91' lang='lat' dir='ltr'>deinde</span> <span class='ocrx_word' id='word_1_245' title='bbox 1492 3750 1636 3801; x_wconf 85' lang='lat' dir='ltr'>infra</span> <span class='ocrx_word' id='word_1_246' title='bbox 1673 3751 1741 3801; x_wconf 92' lang='lat' dir='ltr'>de</span> <span class='ocrx_word' id='word_1_247' title='bbox 1779 3755 2053 3817; x_wconf 85' lang='lat' dir='ltr'>potestate</span> <span class='ocrx_word' id='word_1_248' title='bbox 2094 3752 2417 3803; x_wconf 90' lang='lat' dir='ltr'>obtinendae</span> <span class='ocrx_word' id='word_1_249' title='bbox 2456 3752 2773 3817; x_wconf 81' lang='lat' dir='ltr'>provinciae</span> 
     </span>
     <span class='ocr_line' id='line_1_33' title="bbox 514 3834 2774 3906; baseline 0 -17"><span class='ocrx_word' id='word_1_250' title='bbox 514 3839 790 3890; x_wconf 87' lang='lat' dir='ltr'>subtexuit</span> <span class='ocrx_word' id='word_1_251' title='bbox 827 3834 961 3904; x_wconf 87' lang='lat' dir='ltr'>‘ipse</span> <span class='ocrx_word' id='word_1_252' title='bbox 1013 3840 1261 3888; x_wconf 88' lang='lat' dir='ltr'>oratores</span> <span class='ocrx_word' id='word_1_253' title='bbox 1314 3835 1384 3887; x_wconf 92' lang='lat' dir='ltr'>ad</span> <span class='ocrx_word' id='word_1_254' title='bbox 1433 3854 1516 3888; x_wconf 90' lang='lat' dir='ltr'>me</span> <span class='ocrx_word' id='word_1_255' title='bbox 1568 3839 1836 3904; x_wconf 87' lang='lat' dir='ltr'>regnique</span> <span class='ocrx_word' id='word_1_256' title='bbox 1887 3854 2142 3889; x_wconf 87' lang='lat' dir='ltr'>coronam</span> <span class='ocrx_word' id='word_1_257' title='bbox 2180 3855 2299 3889; x_wconf 88' lang='lat' dir='ltr'>cum</span> <span class='ocrx_word' id='word_1_258' title='bbox 2337 3843 2555 3906; x_wconf 88' lang='lat' dir='ltr'>sceptro</span> <span class='ocrx_word' id='word_1_259' title='bbox 2593 3839 2774 3904; x_wconf 86' lang='lat' dir='ltr'>misit&#39;,</span> 
     </span>
     <span class='ocr_line' id='line_1_34' title="bbox 512 3924 2773 3993; baseline 0 -18"><span class='ocrx_word' id='word_1_260' title='bbox 512 3928 566 3975; x_wconf 91' lang='lat' dir='ltr'>et</span> <span class='ocrx_word' id='word_1_261' title='bbox 591 3924 946 3976; x_wconf 86' lang='lat' dir='ltr'>excusatione</span> <span class='ocrx_word' id='word_1_262' title='bbox 972 3924 1298 3990; x_wconf 88' lang='lat' dir='ltr'>interposita</span> <span class='ocrx_word' id='word_1_263' title='bbox 1324 3926 1579 3975; x_wconf 91' lang='lat' dir='ltr'>hortatur</span> <span class='ocrx_word' id='word_1_264' title='bbox 1604 3925 1865 3987; x_wconf 89' lang='lat' dir='ltr'>Aeneam,</span> <span class='ocrx_word' id='word_1_265' title='bbox 1901 3929 1961 3975; x_wconf 91' lang='lat' dir='ltr'>ut</span> <span class='ocrx_word' id='word_1_266' title='bbox 2003 3925 2247 3976; x_wconf 82' lang='lat' dir='ltr'>Etruscis</span> <span class='ocrx_word' id='word_1_267' title='bbox 2286 3943 2475 3993; x_wconf 88' lang='lat' dir='ltr'>regem</span> <span class='ocrx_word' id='word_1_268' title='bbox 2502 3931 2555 3977; x_wconf 93' lang='lat' dir='ltr'>et</span> <span class='ocrx_word' id='word_1_269' title='bbox 2581 3926 2773 3979; x_wconf 88' lang='lat' dir='ltr'>ducem</span> 
     </span>
     <span class='ocr_line' id='line_1_35' title="bbox 511 4008 2773 4079; baseline 0.001 -18"><span class='ocrx_word' id='word_1_270' title='bbox 511 4010 950 4079; x_wconf 81' lang='lat' dir='ltr'>desiderantibus</span> <span class='ocrx_word' id='word_1_271' title='bbox 1015 4012 1254 4077; x_wconf 83' lang='lat' dir='ltr'>praesit:</span> <span class='ocrx_word' id='word_1_272' title='bbox 1308 4011 1384 4062; x_wconf 90' lang='lat' dir='ltr'>ait</span> <span class='ocrx_word' id='word_1_273' title='bbox 1435 4012 1578 4062; x_wconf 91' lang='lat' dir='ltr'>enim</span> <span class='ocrx_word' id='word_1_274' title='bbox 1615 4008 1770 4077; x_wconf 78' lang='lat'>&lt;511&gt;</span> <span class='ocrx_word' id='word_1_275' title='bbox 1806 4008 1906 4075; x_wconf 89' lang='lat' dir='ltr'>‘tu,</span> <span class='ocrx_word' id='word_1_276' title='bbox 1960 4012 2111 4063; x_wconf 88' lang='lat' dir='ltr'>cuius</span> <span class='ocrx_word' id='word_1_277' title='bbox 2162 4015 2216 4063; x_wconf 91' lang='lat' dir='ltr'>et</span> <span class='ocrx_word' id='word_1_278' title='bbox 2267 4013 2421 4064; x_wconf 86' lang='lat' dir='ltr'>annis</span> <span class='ocrx_word' id='word_1_279' title='bbox 2472 4018 2527 4064; x_wconf 92' lang='lat' dir='ltr'>et</span> <span class='ocrx_word' id='word_1_280' title='bbox 2582 4014 2773 4079; x_wconf 88' lang='lat' dir='ltr'>generi</span> 
     </span>
     <span class='ocr_line' id='line_1_36' title="bbox 513 4094 2772 4164; baseline 0.003 -19"><span class='ocrx_word' id='word_1_281' title='bbox 513 4096 683 4148; x_wconf 84' lang='lat' dir='ltr'>fatum</span> <span class='ocrx_word' id='word_1_282' title='bbox 722 4096 987 4162; x_wconf 91' lang='lat' dir='ltr'>indulget,</span> <span class='ocrx_word' id='word_1_283' title='bbox 1024 4094 1349 4163; x_wconf 87' lang='lat' dir='ltr'>ingredere&#39;.</span> <span class='ocrx_word' id='word_1_284' title='bbox 1413 4113 1545 4163; x_wconf 89' lang='lat' dir='ltr'>ergo</span> <span class='ocrx_word' id='word_1_285' title='bbox 1585 4100 1639 4147; x_wconf 87' lang='lat' dir='ltr'>et</span> <span class='ocrx_word' id='word_1_286' title='bbox 1676 4112 1817 4163; x_wconf 90' lang='lat' dir='ltr'>equo</span> <span class='ocrx_word' id='word_1_287' title='bbox 1854 4097 2046 4147; x_wconf 90' lang='lat' dir='ltr'>merito</span> <span class='ocrx_word' id='word_1_288' title='bbox 2084 4097 2163 4148; x_wconf 87' lang='lat' dir='ltr'>uti</span> <span class='ocrx_word' id='word_1_289' title='bbox 2199 4099 2392 4164; x_wconf 89' lang='lat' dir='ltr'>potuit,</span> <span class='ocrx_word' id='word_1_290' title='bbox 2430 4100 2476 4149; x_wconf 86' lang='lat' dir='ltr'>si</span> <span class='ocrx_word' id='word_1_291' title='bbox 2514 4100 2565 4150; x_wconf 92' lang='lat' dir='ltr'>ei</span> <span class='ocrx_word' id='word_1_292' title='bbox 2601 4102 2681 4152; x_wconf 94' lang='lat' dir='ltr'>ire</span> <span class='ocrx_word' id='word_1_293' title='bbox 2719 4101 2772 4151; x_wconf 91' lang='lat' dir='ltr'>in</span> 
     </span>
     <span class='ocr_line' id='line_1_37' title="bbox 511 4182 2773 4251; baseline 0.003 -20"><span class='ocrx_word' id='word_1_294' title='bbox 511 4182 850 4248; x_wconf 83' lang='lat' dir='ltr'>provinciam</span> <span class='ocrx_word' id='word_1_295' title='bbox 900 4183 984 4234; x_wconf 83' lang='lat' dir='ltr'>fas</span> <span class='ocrx_word' id='word_1_296' title='bbox 1044 4187 1178 4233; x_wconf 89' lang='lat' dir='ltr'>erat.</span> <span class='ocrx_word' id='word_1_297' title='bbox 1252 4183 1533 4234; x_wconf 90' lang='lat' dir='ltr'>sciendum</span> <span class='ocrx_word' id='word_1_298' title='bbox 1570 4187 1754 4235; x_wconf 85' lang='lat' dir='ltr'>tamen</span> <span class='ocrx_word' id='word_1_299' title='bbox 1790 4187 2009 4251; x_wconf 89' lang='lat' dir='ltr'>poetam</span> <span class='ocrx_word' id='word_1_300' title='bbox 2048 4188 2361 4236; x_wconf 90' lang='lat' dir='ltr'>contentum</span> <span class='ocrx_word' id='word_1_301' title='bbox 2398 4201 2520 4236; x_wconf 87' lang='lat' dir='ltr'>esse</span> <span class='ocrx_word' id='word_1_302' title='bbox 2556 4187 2773 4238; x_wconf 85' lang='lat' dir='ltr'>univer-</span> 
     </span>
     <span class='ocr_line' id='line_1_38' title="bbox 510 4265 2770 4340; baseline 0.003 -22"><span class='ocrx_word' id='word_1_303' title='bbox 510 4284 625 4318; x_wconf 90' lang='lat' dir='ltr'>sum</span> <span class='ocrx_word' id='word_1_304' title='bbox 655 4267 756 4331; x_wconf 68' lang='lat' dir='ltr'>(ita</span> <span class='ocrx_word' id='word_1_305' title='bbox 791 4269 966 4334; x_wconf 71' lang='lat' dir='ltr'>Thilo,</span> <span class='ocrx_word' id='word_1_306' title='bbox 1001 4269 1277 4320; x_wconf 88' lang='lat' dir='ltr'>diuersum</span> <span class='ocrx_word' id='word_1_307' title='bbox 1303 4269 1426 4332; x_wconf 81' lang='lat' dir='ltr'>FT)</span> <span class='ocrx_word' id='word_1_308' title='bbox 1453 4269 1535 4321; x_wconf 86' lang='lat' dir='ltr'>ius</span> <span class='ocrx_word' id='word_1_309' title='bbox 1563 4271 1894 4337; x_wconf 86' lang='lat' dir='ltr'>pontificale,</span> <span class='ocrx_word' id='word_1_310' title='bbox 1924 4271 2047 4321; x_wconf 91' lang='lat' dir='ltr'>dum</span> <span class='ocrx_word' id='word_1_311' title='bbox 2075 4272 2220 4324; x_wconf 85' lang='lat' dir='ltr'>aliud</span> <span class='ocrx_word' id='word_1_312' title='bbox 2247 4277 2453 4337; x_wconf 88' lang='lat' dir='ltr'>narrat,</span> <span class='ocrx_word' id='word_1_313' title='bbox 2481 4265 2770 4340; x_wconf 86' lang='lat' dir='ltr'>attingere.</span> 
     </span>
    </p>
   </div>
   <div class='ocr_carea' id='block_1_12' title="bbox 516 4389 925 4399">
    <p class='ocr_par' dir='ltr' id='par_1_12' title="bbox 516 4389 925 4399">
     <span class='ocr_line' id='line_1_39' title="bbox 516 4389 925 4399; baseline 0 827"><span class='ocrx_word' id='word_1_314' title='bbox 516 4389 925 4399; x_wconf 95' lang='lat' dir='ltr'> </span> 
     </span>
    </p>
   </div>
   <div class='ocr_carea' id='block_1_13' title="bbox 507 4460 2773 4617">
    <p class='ocr_par' dir='ltr' id='par_1_13' title="bbox 507 4460 2773 4617">
     <span class='ocr_line' id='line_1_40' title="bbox 714 4460 2773 4515; baseline 0.003 -6"><span class='ocrx_word' id='word_1_315' title='bbox 714 4460 758 4493; x_wconf 83' lang='lat'>¹⁰</span> <span class='ocrx_word' id='word_1_316' title='bbox 797 4461 994 4510; x_wconf 88' lang='lat' dir='ltr'>etenim</span> <span class='ocrx_word' id='word_1_317' title='bbox 1033 4500 1043 4510; x_wconf 94' lang='lat'><strong><em>.</em></strong></span> <span class='ocrx_word' id='word_1_318' title='bbox 1086 4500 1096 4510; x_wconf 95' lang='lat'>.</span> <span class='ocrx_word' id='word_1_319' title='bbox 1136 4461 1244 4511; x_wconf 83' lang='lat' dir='ltr'>ritu</span> <span class='ocrx_word' id='word_1_320' title='bbox 1291 4461 1339 4511; x_wconf 91' lang='lat' dir='ltr'><em>T</em></span> <span class='ocrx_word' id='word_1_321' title='bbox 1386 4478 1536 4512; x_wconf 91' lang='lat' dir='ltr'>more</span> <span class='ocrx_word' id='word_1_322' title='bbox 1590 4463 1791 4514; x_wconf 91' lang='lat' dir='ltr'>etenim</span> <span class='ocrx_word' id='word_1_323' title='bbox 1844 4463 2018 4514; x_wconf 86' lang='lat' dir='ltr'>ueteri</span> <span class='ocrx_word' id='word_1_324' title='bbox 2058 4480 2333 4515; x_wconf 88' lang='lat' dir='ltr'>sacrorum</span> <span class='ocrx_word' id='word_1_325' title='bbox 2378 4465 2427 4509; x_wconf 77' lang='lat' dir='ltr'><em>F</em></span> <span class='ocrx_word' id='word_1_326' title='bbox 2540 4466 2583 4498; x_wconf 84' lang='lat'>¹2</span> <span class='ocrx_word' id='word_1_327' title='bbox 2621 4468 2773 4515; x_wconf 89' lang='lat' dir='ltr'>tene·</span> 
     </span>
     <span class='ocr_line' id='line_1_41' title="bbox 507 4545 2285 4617; baseline 0.001 -21"><span class='ocrx_word' id='word_1_328' title='bbox 507 4546 704 4598; x_wconf 92' lang='lat' dir='ltr'>bantur</span> <span class='ocrx_word' id='word_1_329' title='bbox 741 4545 1038 4598; x_wconf 74' lang='lat' dir='ltr'>Masvieius</span> <span class='ocrx_word' id='word_1_330' title='bbox 1112 4548 1318 4599; x_wconf 88' lang='lat' dir='ltr'>diurnis</span> <span class='ocrx_word' id='word_1_331' title='bbox 1359 4588 1369 4599; x_wconf 90' lang='lat'>.</span> <span class='ocrx_word' id='word_1_332' title='bbox 1411 4589 1422 4600; x_wconf 90' lang='lat'><strong>.</strong></span> <span class='ocrx_word' id='word_1_333' title='bbox 1465 4589 1477 4600; x_wconf 88' lang='lat'><strong>.</strong></span> <span class='ocrx_word' id='word_1_334' title='bbox 1516 4553 1862 4616; x_wconf 89' lang='lat' dir='ltr'>praetextam</span> <span class='ocrx_word' id='word_1_335' title='bbox 1900 4566 2075 4617; x_wconf 91' lang='lat' dir='ltr'>neque</span> <span class='ocrx_word' id='word_1_336' title='bbox 2115 4568 2196 4601; x_wconf 82' lang='lat' dir='ltr'>om</span> <span class='ocrx_word' id='word_1_337' title='bbox 2239 4552 2285 4597; x_wconf 72' lang='lat' dir='ltr'><em>F</em></span> 
     </span>
    </p>
   </div>
   <div class='ocr_carea' id='block_1_14' title="bbox 2497 4636 2564 4691">
    <p class='ocr_par' dir='ltr' id='par_1_14' title="bbox 2497 4636 2564 4691">
     <span class='ocr_line' id='line_1_42' title="bbox 2497 4636 2564 4691; baseline 0 -20"><span class='ocrx_word' id='word_1_338' title='bbox 2497 4636 2564 4691; x_wconf 77' lang='lat'>5*</span> 
     </span>
    </p>
   </div>
  </div>
 </body>
</html>
