3407 5226
513 1659 570 1703 10

515 2175 573 2221 15

511 2694 572 2738 20

413 3695 497 3757 84
531 3713 588 3757 25

609 521 691 584 82

610 711 847 776 Caesar
889 710 1330 796 capiendam
1378 711 1691 794 virginem
1721 711 1787 775 in
1817 711 2025 776 locum
2057 712 2306 793 Occiae,
2344 732 2506 796 quae
2537 720 2783 797 septem
2814 721 2878 778 et

610 815 1067 899 quinquaginta
1111 836 1226 899 per
1269 836 1465 880 annos
1509 836 1760 879 summa
1806 815 2227 879 sanctimonia
2271 813 2641 880 Vestalibus
2686 818 2876 881 sacris

611 918 1058 1003 praesederat,
1132 919 1387 1003 egitque
1454 925 1668 1002 grates
1735 917 2000 984 Fonteio
2067 918 2398 1004 Agrippae
2467 925 2531 984 et
2597 918 2878 985 Domitio

612 1021 923 1102 Pollioni,
991 1022 1156 1106 quod
1221 1020 1544 1086 offerendo
1606 1021 1770 1085 filias
1829 1022 1907 1086 de
1968 1021 2176 1086 officio
2237 1022 2303 1084 in
2364 1043 2500 1086 rem
2558 1023 2879 1107 publicam

611 1132 945 1190 certarent.
1034 1126 1321 1210 praelata
1367 1132 1462 1190 est
1506 1125 1815 1191 Pollionis
1861 1125 2013 1206 filia,
2058 1147 2182 1189 non
2229 1126 2309 1190 ob
2356 1126 2567 1205 aliud,
2636 1148 2880 1211 quam

612 1230 829 1314 quod
891 1235 1161 1293 mater
1225 1231 1410 1294 eius
1471 1231 1555 1293 in
1618 1229 1909 1295 eodem
1978 1229 2389 1312 coniugio
2458 1230 2879 1308 manebat,

609 1353 760 1396 nam
790 1332 1082 1417 Agrippa
1127 1332 1386 1398 discidio
1433 1332 1695 1396 domum
1739 1334 2163 1413 imminuerat,
2209 1339 2275 1397 et
2306 1332 2545 1398 Caesar
2591 1335 2879 1418 quamvis

610 1436 1037 1520 posthabitam
1081 1435 1334 1500 deciens
1380 1436 1654 1501 sestertii
1700 1435 1846 1501 dote
1890 1438 2131 1501 solatus
2176 1442 2290 1502 est.
2382 1437 2551 1502 Gell.
2599 1459 2661 1503 n.
2708 1459 2765 1503 a.
2814 1436 2881 1500 X

617 1541 715 1621 15,
763 1542 838 1604 31
893 1541 1086 1609 verba
1146 1540 1453 1624 praetoris
1515 1561 1598 1604 ex
1657 1538 1861 1605 edicto
1929 1547 2236 1624 perpetuo
2282 1541 2360 1606 de
2407 1542 2663 1605 flamine
2707 1532 2881 1605 Diali

615 1649 680 1708 et
710 1643 790 1707 de
820 1643 1144 1708 sacerdote
1169 1642 1406 1709 Vestae
1453 1644 1790 1728 adscripsi:
1835 1640 2213 1709 ‘sacerdo
2235 1650 2399 1709 tem
2443 1643 2882 1709 Vestalem

612 1753 676 1812 et
718 1748 1039 1811 flaminem
1085 1746 1339 1812 Dialem
1384 1749 1449 1811 in
1495 1749 1665 1812 omni
1711 1769 1852 1812 mea
1898 1747 2325 1813 iurisdictione
2369 1750 2665 1812 iurare
2723 1767 2882 1812 non

605 1849 938 1934 cogam’,
985 1850 1066 1914 cf.
1115 1851 1356 1915 Seneca
1405 1858 1709 1936 excerpta
1754 1858 2036 1916 controv.
2070 1851 2167 1915 VI
2212 1855 2273 1929 8,
2322 1854 2351 1913 1
2403 1851 2697 1916 sacerdos
2741 1873 2882 1916 raro

613 1955 776 2018 iuret
820 1975 936 2018 nec
979 1975 1260 2038 unquam
1308 1956 1427 2020 nisi
1471 1976 1586 2040 per
1630 1976 1815 2019 suam
1859 1955 2144 2020 Vestam.
2216 1954 2342 2018 Cic.
2390 1975 2505 2039 pro
2557 1954 2730 2021 Cael.
2779 1958 2878 2031 14,

617 2061 697 2121 34
743 2055 1020 2121 Vestalis
1069 2055 1337 2121 Claudia
1399 2064 1650 2142 patrem
1718 2058 2053 2143 complexa
2098 2058 2595 2142 triumphantem
2642 2059 2722 2122 ab
2767 2060 2879 2123 ini·

617 2161 775 2225 mico
833 2151 1087 2225 tribuno
1150 2161 1356 2246 plebis
1402 2159 1481 2225 de
1528 2182 1720 2225 curru
1762 2162 2008 2225 detrahi
2054 2183 2242 2247 passa
2286 2183 2411 2226 non
2458 2166 2575 2225 est.
2664 2161 2880 2227 Valer.

615 2257 877 2333 Maxim.
925 2267 987 2329 V
1032 2271 1091 2346 4,
1140 2271 1178 2331 6
1226 2269 1300 2332 de
1347 2266 1621 2333 Claudia
1684 2271 1932 2353 virqine
1984 2268 2254 2334 Vestali:
2306 2320 2320 2334 .
2371 2318 2384 2332 .
2432 2290 2574 2333 cum
2635 2273 2883 2353 patrem

613 2393 798 2435 suum
864 2371 1363 2456 triumphantem
1417 2394 1451 2436 e
1510 2394 1696 2436 curru
1764 2374 2049 2436 violenta
2115 2374 2353 2437 tribuni
2420 2372 2624 2456 plebis
2692 2392 2882 2434 manu

615 2475 864 2539 detrahi
930 2476 1515 2552 animadvertisset,
1590 2478 1753 2540 mira
1820 2477 2143 2541 celeritate
2208 2477 2493 2560 utrisque
2560 2498 2627 2540 se
2694 2477 2884 2539 inter-

616 2578 906 2663 ponendo
953 2580 1408 2664 amplissimam
1455 2586 1833 2665 potestatem
1879 2581 2230 2645 inimicitiis·
2256 2601 2585 2645 accensam
2616 2579 2883 2664 depulit.

615 2683 873 2748 Sueton.
922 2683 1060 2747 Tib.
1107 2687 1146 2747 2
1193 2688 1386 2749 etiam
1453 2685 1631 2769 virgo
1680 2684 1961 2749 Vestalis
2025 2685 2286 2749 fratrem
2356 2684 2601 2748 iniussu
2668 2684 2887 2767 populi

616 2787 1109 2871 triumphantem
1155 2810 1410 2854 ascenso
1456 2791 1643 2853 simul
1690 2811 1878 2853 curru
1924 2790 2216 2873 usquein
2247 2787 2629 2873 Capitolium
2675 2808 2883 2871 prose·

616 2897 760 2954 outa
807 2897 933 2971 est,
993 2914 1072 2956 ne
1132 2900 1351 2957 vetare
1414 2900 1522 2957 aut
1568 2893 1961 2957 intercedere
2006 2892 2103 2956 fas
2148 2892 2442 2976 cuiquam
2486 2891 2886 2955 tribunorum

615 3000 796 3059 esset.

1329 3441 1395 3505 X
1455 3442 1576 3506 DE
1639 3442 2171 3508 FETIALIBUS

825 3685 999 3750 Serv.
1042 3686 1204 3750 Aen.
1247 3684 1383 3749 XII
1456 3688 1576 3750 120
1644 3685 1838 3749 velati
1899 3686 2051 3768 lino]
2121 3688 2296 3771 atqui
2364 3688 2733 3752 fetiales
2802 3696 2884 3752 et

619 3794 868 3873 pater
912 3796 1346 3873 patratuS,
1395 3810 1507 3874 per
1553 3811 1707 3874 quos
1755 3790 1924 3854 bella
1971 3792 2073 3855 vel
2118 3790 2377 3855 foedera
2423 3790 2884 3855 confirmaban-

621 3899 741 3975 tur,
787 3914 1235 3978 numquam
1298 3894 1775 3958 utebantur
1836 3895 2239 3959 vestibus
2301 3895 2588 3959 lineis.

825 4189 894 4242 84
967 4189 1117 4241 80111.
1143 4190 1281 4241 Aen.
1319 4187 1431 4240 XII
1471 4189 1568 4241 120
1603 4190 1835 4241 velati
1873 4228 1885 4239 .
1912 4226 1924 4239 .
1958 4227 1968 4239 .
2007 4189 2243 4253 lineis,
2281 4190 2473 4256 quibus
2510 4189 2885 4257 Interpolator

621 4278 837 4331 addidit
885 4275 1023 4329 adeo
1079 4280 1260 4329 autem
1297 4294 1330 4327 a
1365 4277 1614 4328 Romano
1664 4276 1773 4328 ritu
1824 4276 2061 4328 alienum
2116 4280 2232 4342 est,
2287 4280 2381 4340 ut,
2437 4293 2558 4329 cum
2611 4278 2885 4333 flaminica

623 4368 770 4416 esset
805 4364 1029 4415 inventa
1065 4363 1304 4414 tunicam
1339 4362 1557 4414 laneam
1605 4362 1716 4413 lino
1767 4362 2025 4414 habuisse
2075 4365 2387 4428 consutam,
2441 4364 2777 4416 constitisset
2814 4366 2882 4417 ob

624 4466 743 4502 eam
780 4466 1001 4503 causam
1034 4449 1311 4516 piaculum
1347 4464 1469 4501 esse
1508 4448 1867 4500 commissum.
