3407 5226
2717 442 2795 507 15

527 641 824 731 colligere
869 638 1068 722 iubet,
1131 660 1167 704 e
1212 634 1441 724 quibus
1493 634 1728 703 molam
1772 642 2010 702 castam
2056 633 2194 701 fieri
2241 657 2500 701 necesse
2545 634 2644 700 sit.
2735 634 2796 696 in

464 802 470 807 .
526 752 624 813 his
668 747 885 834 igitur,
932 765 1080 808 cum
1125 742 1396 807 deorum
1445 740 1600 805 ordo
1645 741 1943 805 videlicet
1984 761 2113 804 non
2162 740 2447 821 adesset,
2504 741 2799 825 respicie-

527 853 735 916 batur'
763 867 1074 911 annorum
1117 846 1184 908 in
1229 845 1586 910 sacerdotio
1633 851 1925 908 actorum
1972 844 2168 908 series
2188 845 2232 910 1.

739 973 882 1016 cum
925 951 1048 1013 iam
1095 949 1174 1014 ad
1224 948 1508 1034 singulos
1553 947 1921 1013 sacerdotes
1968 953 2229 1011 ventum
2273 947 2385 1026 sit,
2445 969 2530 1012 ex
2577 946 2799 1012 ordine

534 1055 933 1122 sacerdotum
963 1054 1241 1137 primum
1269 1053 1480 1116 locum
1514 1071 1734 1137 regem
1763 1051 2177 1135 reginamque
2214 1071 2537 1116 sacrorum
2580 1057 2801 1116 tenere

535 1180 650 1246 par
693 1162 812 1237 est.
874 1158 1096 1240 itaque
1127 1155 1299 1239 quod
1331 1155 1528 1220 Gaius
1560 1155 1709 1218 inst.
1741 1154 1775 1217 I
1811 1156 1933 1217 112
1964 1159 2235 1218 testatur
2263 1175 2449 1240 reges
2478 1174 2802 1233 sacrorum

535 1263 656 1328 nisi
688 1282 772 1325 ex
804 1258 1098 1323 farreatis
1143 1263 1329 1324 natos
1368 1265 1494 1324 non
1524 1258 1653 1342 legi
1682 1277 1759 1321 ac
1787 1280 1871 1322 ne
1902 1259 2075 1342 ipsos
2106 1257 2359 1341 quidem
2388 1259 2525 1324 sine
2557 1258 2805 1323 confar-

471 1391 474 1394 ’
533 1364 816 1429 reatione
847 1361 1273 1426 sacerdotium
1298 1361 1536 1426 habere
1559 1380 1751 1446 posse
1775 1360 1884 1438 (fr.
1911 1361 1978 1442 5)
2008 1366 2070 1425 et
2092 1360 2264 1445 quod
2289 1361 2600 1446 Interpol.
2625 1361 2803 1426 Serv,

531 1468 694 1534 Aen.
741 1466 812 1531 II
871 1469 911 1529 2
974 1471 1298 1530 asseverat
1356 1486 1481 1529 non
1537 1465 1797 1529 licuisse
1856 1485 2051 1550 supra
2114 1486 2333 1550 regem
2380 1465 2805 1529 sacrificulum

535 1590 915 1656 quemquam
948 1569 1011 1632 in
1043 1569 1262 1633 caenis
1293 1568 1674 1632 accumbere
1708 1565 1817 1649 (fr.
1854 1567 1942 1651 6),
1973 1570 2054 1632 ea
2082 1556 2271 1633 nemo
2302 1575 2457 1652 puto
2489 1568 2806 1634 dubitabit

536 1674 910 1759 pontificum
952 1672 1128 1736 libris
1175 1671 1548 1754 adsignare,
1609 1670 1664 1734 si
1709 1692 1855 1734 cum
1898 1671 1973 1734 fr.
2026 1673 2125 1737 12.
2179 1673 2276 1739 15.
2323 1675 2383 1737 4.
2431 1674 2514 1736 24
2559 1694 2589 1735 s
2659 1692 2807 1736 con-

536 1775 771 1840 tulerit.
862 1774 1092 1839 deinde
1134 1774 1475 1857 fragmenti
1523 1777 1557 1838 7
1608 1774 1936 1838 cautiones
1982 1780 2154 1858 apte,
2206 1781 2279 1838 ut
2323 1775 2405 1838 de
2449 1775 2628 1838 fonte
2675 1796 2810 1839 cer-

538 1879 728 1943 tiores
773 1878 1032 1959 fiamus,
1088 1884 1548 1962 comparantur
1593 1899 1735 1947 cum
1781 1877 1859 1943 fr.
1908 1878 2011 1959 31,
2058 1877 2138 1940 de
2183 1897 2307 1962 quo
2356 1899 2418 1962 p.
2469 1879 2547 1941 18
2594 1878 2807 1963 dispu-

539 1986 744 2045 tatum
791 1985 905 2044 est.
969 2001 1135 2065 quae
1177 1985 1514 2064 praeterea
1558 1980 1638 2046 fr.
1671 1983 1732 2045 8.
1769 1982 1828 2046 9.
1865 1982 1945 2074 1²0
1975 1979 2114 2064 regi
2158 1988 2223 2043 et
2264 1980 2526 2065 reginae
2568 1982 2812 2065 praeci-

541 2083 851 2170 piuntur2‚
897 2104 977 2147 ea
1021 2084 1104 2148 ad
1146 2083 1362 2165 libros,
1408 2084 1517 2169 qui
1562 2082 1645 2148 de
1688 2082 2127 2148 sacerdotibus
2171 2083 2445 2166 publicis
2477 2085 2813 2169 compositi

545 2196 762 2266 erant,
818 2185 1026 2252 redire
1089 2187 1261 2251 facili
1325 2207 1526 2271 opera
1570 2187 1969 2251 caerimoniis
2018 2185 2289 2277 flaminis
2336 2186 2813 2272 flaminicaeque

544 2291 748 2355 Dialis
793 2289 1122 2354 illustratis
1166 2290 1575 2375 intellegetur
1587 2289 1632 2355 2.
2475 2343 2480 2348 .

751 2415 1055 2480 perquam
1098 2395 1270 2458 enim
1314 2393 1481 2459 felici
1522 2415 1673 2458 casu
1703 2394 1944 2459 factum
1974 2400 2093 2476 est,
2136 2399 2209 2458 ut
2237 2394 2319 2457 de
2349 2394 2602 2459 flamine
2634 2400 2815 2459 tanta

543 2500 761 2582 legum
806 2519 1133 2563 sacrarum
1180 2497 1363 2582 copia
1408 2503 1665 2564 servata
1711 2497 1820 2582 sit,
1866 2505 2107 2582 quanta
2148 2505 2485 2583 praeterea
2527 2499 2594 2562 in
2636 2499 2813 2563 nullo

550 2601 904 2668 sacerdotio
948 2608 1207 2687 praesto
1254 2608 1371 2668 est.
1435 2602 1613 2667 cuius
1662 2602 2033 2687 opulentiae
2077 2601 2444 2687 primarium
2488 2609 2816 2667 auctorem

547 2703 818 2770 Fabium
861 2706 1186 2771 Pictorem
1232 2726 1391 2787 esse,
1435 2706 1614 2771 cuius
1646 2707 1871 2791 copiae
1905 2704 2073 2771 Gelli
2106 2706 2312 2792 capite
2355 2706 2820 2786 contineantur,

549 2831 743 2895 supra
787 2809 1057 2874 ostendi.
1149 2810 1398 2876 Gellius
1460 2816 1678 2876 autem
1741 2809 1893 2895 ipsis
1936 2808 2097 2874 Fabi
2154 2808 2235 2875 de
2298 2810 2437 2874 iure
2490 2809 2818 2896 pontificio

551 2912 1019 2976 commentariis
1065 2931 1196 2975 non
1239 2933 1394 2976 usus
1438 2918 1554 2992 est,
1601 2910 1715 2977 sed
1762 2918 1972 2976 totum
2017 2917 2210 2996 caput
2240 2932 2276 2975 e
2305 2912 2547 2976 Masuri
2580 2910 2822 2993 Sabini,

554 3035 742 3099 quem
787 3016 853 3078 in
896 3015 932 3095 ξ
983 3018 1061 3079 18
1106 3016 1396 3079 nominat
1437 3014 1545 3096 (cf.
1589 3015 1663 3080 fr.
1709 3013 1845 3097 35),
1887 3015 2100 3080 nescio
2148 3036 2276 3099 quo
2320 3015 2483 3079 libro
2530 3014 2823 3098 desump-

555 3119 636 3181 sit
653 3118 701 3181 3.
791 3138 947 3179 num
1001 3119 1056 3181 is
1112 3137 1182 3181 re
1241 3138 1390 3180 vera
1433 3116 1759 3182 Pictorem
1815 3119 2046 3183 adiisse
2106 3118 2427 3204 putandus
2471 3120 2553 3182 sit
2595 3122 2822 3202 postea

555 3217 1040 3283 diiudicabitur:
1085 3239 1253 3283 nunc
1299 3218 1381 3283 de
1424 3219 1498 3282 iis
1544 3220 1976 3305 scriptoribus,
2021 3222 2129 3306 qui
2172 3228 2426 3308 praeter
2471 3219 2822 3285 Masurium
2856 3241 2859 3245 “

557 3321 666 3401 de,
700 3321 952 3386 flamine
1008 3321 1179 3386 Diali
1236 3322 1678 3407 flaminicaque
1726 3322 2147 3407 scripserunt,
2210 3322 2659 3409 disputandum
2704 3330 2822 3389 est.

553 3426 719 3490 inter
778 3445 937 3508 quos
983 3425 1370 3491 Varronem.
1402 3425 1600 3491 fuisse
1655 3426 1982 3491 luculento
2041 3426 2210 3494 Gelli
2268 3448 2330 3492 n.
2379 3448 2435 3491 a.
2480 3426 2548 3491 X
2597 3422 2696 3507 15',
2741 3426 2825 3490 32

763 3617 779 3651 ¹
820 3616 972 3668 curio
1008 3615 1275 3667 maximus
1314 3613 1407 3679 (cf.
1444 3617 1885 3684 supplementum
1921 3615 1991 3669 de
2030 3617 2366 3683 curionibus)
2401 3631 2627 3685 prorsus
2664 3616 2829 3668 simili

556 3701 770 3754 ratione
806 3700 1024 3753 videtur
1060 3700 1373 3768 appellatus
1409 3716 1548 3753 esse.

763 3788 786 3820 ²
823 3803 944 3839 cum
998 3786 1278 3838 flaminum
1311 3786 1694 3853 virginumque
1732 3787 2040 3841 Vestalium
2084 3788 2435 3841 caerimoniis
2484 3788 2604 3840 veri
2651 3788 2828 3842 simile

557 3872 715 3924 fieret
751 3872 917 3925 etiam
943 3871 1010 3923 de
1037 3874 1239 3937 aetate,
1276 3875 1459 3939 gente,
1501 3875 1750 3941 corporis
1776 3874 2034 3927 vitiorum
2057 3875 2416 3940 immunitate,
2441 3874 2830 3941 nominatione,

558 3957 999 4025 inauguratione,
1036 3957 1160 4009 aliis
1196 3959 1555 4026 religionibus
1594 3962 1737 4028 eius,
1776 3962 1868 4029 qui
1903 3978 2005 4014 rex
2040 3977 2321 4014 sacrorum
2357 3960 2627 4013 creandus
2665 3963 2831 4027 esset,

560 4046 862 4111 praecepta
886 4043 943 4093 in
977 4044 1064 4095 his
1100 4044 1256 4096 libris
1293 4049 1516 4099 enotata
1551 4047 1740 4114 fuisse,
1777 4064 1952 4116 neque
1989 4051 2173 4100 tamen
2208 4047 2454 4115 ipsarum
2489 4046 2832 4099 sanctionum

563 4127 858 4195 quidquam
904 4133 1250 4195 superesset,
1299 4146 1394 4182 eos
1444 4132 1774 4199 scriptorum
1808 4134 1990 4200 locos,
2039 4133 2185 4185 unde
2235 4136 2460 4200 praeter
2508 4132 2831 4184 manifestas

563 4215 696 4268 iuris
735 4218 880 4271 sacri
914 4219 1177 4285 reliquias
1215 4220 1670 4273 caerimoniarum
1706 4220 1857 4287 regis
1884 4235 2166 4272 sacrorum
2189 4220 2386 4273 notitia
2410 4219 2646 4287 quodam
2667 4217 2831 4270 modo

565 4303 812 4369 suppleri
860 4307 1078 4371 posset,
1123 4304 1449 4373 fragmentis
1501 4306 1785 4358 subiunxi:
1836 4322 1997 4372 quem
2045 4321 2253 4358 morem
2287 4306 2345 4357 in
2380 4306 2580 4359 ceteris
2618 4319 2834 4371 quoque

561 4387 938 4440 sacerdotibus
975 4391 1282 4444 observavi.

771 4474 793 4509 ⁸
830 4474 1113 4542 Huschke,
1149 4475 1386 4544 Jurispr.
1424 4476 1614 4529 antei.⁴
1651 4493 1705 4545 p.
1746 4474 1848 4531 128
1882 4494 1934 4529 n.
1971 4476 2040 4530 28
2076 4474 2161 4530 ‘ex
2194 4478 2419 4531 incertis
2453 4477 2647 4531 libris'.
