3407 5226
438 1125 604 1188 205

646 467 728 534 46

646 657 830 722 Paul.
876 680 936 744 p.
991 659 1068 720 10
1129 656 1712 740 albogalerus
1770 678 1809 720 a
1845 654 2059 740 galea
2124 656 2505 723 nominatus.
2600 662 2696 721 est
2758 647 2942 720 enim¹

645 762 883 845 pileum
945 759 1168 845 capitis
1229 780 1355 843 quo
1419 759 1634 822 Diales
1696 761 1984 823 flamines
2046 758 2108 822 id
2168 765 2266 824 est
2326 759 2696 826 sacerdotes
2749 759 2923 823 Iovis

647 865 1012 930 utebantur.
1071 863 1357 927 fiebat
1405 864 1621 927 enim
1669 885 1770 925 ex
1822 863 2119 927 hostia
2166 861 2365 926 alba
2423 863 2605 929 Iovi
2652 884 2924 940 caesa,

649 969 786 1033 cui
829 966 1391 1050 affigebatur
1435 987 1656 1049 apex
1702 967 2050 1051 virgula
2099 966 2525 1051 oleagina.

856 1088 1035 1154 Serv.
1068 1090 1234 1154 Aen.
1265 1087 1439 1153 VIII
1472 1091 1598 1152 664
1628 1089 1917 1152 flamines
1949 1089 2011 1151 in
2046 1088 2252 1173 eapite
2285 1088 2607 1152 habebant
2636 1087 2923 1173 pilleum,-

643 1194 721 1256 in
773 1210 937 1278 quo
983 1199 1170 1256 erat
1219 1193 1509 1256 brevis
1558 1191 1803 1275 virga
1866 1192 2241 1275 desuper
2290 1192 2620 1255 habens
2668 1192 2922 1254 lanae

643 1294 1008 1381 aliquid.
1098 1293 1273 1380 quod
1334 1316 1477 1359 cum
1540 1314 1656 1379 per
1722 1303 1939 1359 aestus
2007 1294 2177 1358 ferre
2245 1316 2372 1359 non
2445 1302 2745 1379 possent,
2812 1295 2920 1358 filo

849 1554 920 1608 20
953 1555 1428 1608 Serv.Aen.v111
1455 1555 1553 1608 664
1592 1556 1936 1608 flamines
1972 1594 1984 1607 .
2013 1595 2025 1608 .
2054 1595 2067 1608 .
2106 1555 2377 1608 fuerat:
2418 1558 2560 1607 unde
2600 1573 2632 1607 a
2665 1555 2776 1620 filo,
2812 1571 2920 1622 quo

644 1640 964 1707 utebantur,
1015 1629 1263 1692 flamines
1314 1640 1446 1692 dicti
1499 1645 1628 1693 sunt
1686 1643 1842 1709 quasi
1892 1643 2158 1694 filamines
2206 1643 2303 1706 (ita
2347 1642 2423 1705 R,
2476 1641 2765 1693 filiamines
2805 1641 2919 1704 AS,

643 1740 765 1782 corr
801 1726 902 1791 as).
978 1742 1214 1779 verum
1254 1764 1267 1777 .
1303 1764 1315 1776 .
1355 1764 1367 1776 .
1408 1727 1779 1794 accipere,
1822 1743 1961 1794 qnae
1997 1727 2295 1778 seeundum
2337 1728 2476 1778 alios
2515 1726 2584 1777 ad
2625 1727 2920 1778 ostenden-

642 1812 768 1866 dam
822 1811 1119 1865 sacerdotii
1175 1812 1524 1863 eminentiam
1583 1816 1710 1864 sunt
1766 1817 1985 1880 reperta
2022 1852 2035 1865 .
2074 1851 2087 1864 .
2124 1814 2217 1864 alii
2278 1812 2467 1863 dicunt
2524 1829 2635 1863 non
2690 1817 2919 1880 propter

642 1900 996 1953 eminentiam
1038 1897 1332 1964 dignitatis
1380 1898 1485 1949 hoc
1539 1898 1775 1962 factum,
1832 1897 1926 1949 sed
1967 1900 2127 1965 quia,
2179 1915 2297 1950 oum
2348 1898 2722 1949 sacrificarent
2774 1896 2916 1962 apud

642 1984 1088 2038 Laurolavininm
1141 1987 1196 2034 et
1249 1985 1329 2034 eis
1381 1991 1513 2035 exta
1560 1983 1882 2050 frequenter
1934 2000 2061 2035 aves
2100 1984 2167 2035 de
2208 1983 2423 2036 viciniis
2462 1985 2743 2034 venientes
2779 1982 2917 2033 lucis

642 2071 990 2138 abriperent,
1045 2069 1344 2121 eminentia
1393 2070 1671 2136 virgarum
1723 2085 1815 2120 eas
1862 2073 2070 2121 terrere
2099 2070 2438 2121 ‚voluer-unt.
2513 2067 2714 2119 exinde
2754 2066 2915 2118 etiam

639 2156 976 2209 cousuetudo
1038 2155 1374 2222 permansit,
1433 2163 1492 2206 ut
1548 2155 1693 2221 apud
1758 2155 2202 2206 Laurolavinium
2266 2155 2523 2219 ingentes
2584 2155 2917 2205 haberentur

641 2244 829 2308 virgae
882 2242 1175 2306 (haberent
1231 2240 1418 2306 uirgas
1458 2241 1602 2305 LF).
1675 2241 1944 2307 Interpol.
1984 2242 2138 2291 Serv.
2182 2244 2317 2291 Aen.
2374 2241 2421 2291 X
2472 2239 2576 2292 270
2630 2254 2915 2305 possumus

641 2332 821 2380 tamen
859 2324 1020 2394 ‘apex
1046 2324 1233 2394 capiti'
1270 2327 1522 2393 accipere
1562 2329 1851 2394 utrumque
1889 2343 2007 2378 eum
2049 2327 2217 2379 fuisse
2256 2325 2585 2392 conplexuin
2624 2342 2741 2377 cum
2783 2323 2915 2376 dicit

641 2416 815 2468 ‘ardet
869 2431 1013 2482 apex
1063 2414 1229 2481 capiti
1268 2415 1554 2481 cristisque
1592 2431 1626 2465 a
1664 2415 1870 2466 vertice
1907 2417 2124 2466 flamma
2162 2413 2426 2465 funditur'
2466 2412 2610 2476 (eum
2651 2413 2783 2464 dicit
2819 2450 2832 2464 .
2860 2449 2873 2463 .
2898 2451 2911 2464 .

636 2500 883 2555 funditur
919 2501 1246 2554 secludenda
1280 2501 1534 2552 videntur
1579 2499 1846 2566 Thilom‘),
1884 2507 1939 2551 et
1977 2499 2281 2552 sacerdotis
2319 2516 2417 2566 per
2465 2500 2675 2565 apicem
2716 2504 2769 2549 et
2810 2498 2912 2549 viri

636 2587 797 2641 fortis
835 2586 1021 2641 facere
1057 2587 1402 2640 mentionem.
1476 2587 1753 2640 dieitur
1792 2625 1845 2639 ..
1873 2624 1887 2638 .
1926 2587 2314 2653 conligata
2353 2593 2529 2652 erat,
2568 2585 2711 2637 unde
2748 2585 2910 2637 etiam

637 2672 885 2727 flamines
912 2673 1272 2726 vocabantur.
1325 2674 1429 2726 hoc
1466 2677 1648 2725 autem
1688 2689 1886 2725 nomen
1917 2690 1947 2724 a
1974 2672 2253 2726 veteribus
2281 2677 2514 2724 tractum
2543 2675 2655 2723 est:
2694 2687 2728 2722 a
2747 2686 2864 2736 per
2882 2686 2910 2720 e

636 2760 808 2812 enim
847 2798 861 2811 .
889 2798 902 2814 .
927 2796 942 2812 .
982 2757 1354 2820 dicebant,
1390 2757 1536 2811 unde
1577 2760 1789 2826 apicem
1830 2758 2032 2810 dietum
2072 2760 2283 2811 volunt.
2354 2756 2503 2808 Serv..
2542 2758 2679 2808 Aen.
2716 2755 2774 2807 II
2809 2753 2913 2807 683

635 2860 778 2911 apex
814 2843 1034 2911 proprie
1072 2843 1272 2894 dicitur
1310 2842 1362 2894 in
1403 2859 1610 2895 summo
1647 2844 1882 2895 flaminis
1920 2844 2083 2910 pilleo
2124 2844 2279 2909 virga
2333 2844 2545 2905 lanata,
2590 2842 2698 2893 hoe
2736 2843 2819 2890 est
2853 2840 2907 2890 in

632 2928 785 2982 cuius
835 2927 1181 2981 extremitate
1231 2928 1446 2980 modica
1493 2929 1622 2980 lana
1672 2933 1781 2980 est:
1821 2928 1970 2996 quod
2006 2929 2234 2996 primum
2272 2933 2487 2980 constat
2525 2927 2669 2992 apud
2709 2926 2904 2976 Albam

631 3014 926 3067 Ascanium
966 3014 1240 3067 statuisse.
1306 3014 1600 3066 Suetonius
1639 3031 1726 3081 ap.
1764 3014 2025 3080 Interpol.
2066 3014 2217 3065 Serv·
2244 3014 2383 3065 Aen.
2410 3013 2467 3065 II
2491 3012 2593 3064 683
2619 3034 2683 3055 =
2714 3013 2781 3063 fr.
2811 3010 2908 3064 168

634 3116 685 3168 p.
720 3099 826 3154 268
862 3099 968 3152 Rff.
1007 3101 1079 3167 cf.
1118 3101 1246 3153 adn.
1273 3100 1359 3166 fr.
1402 3102 1484 3152 19.
1558 3100 1716 3153 Paul.
1757 3117 1808 3166 p.
1847 3099 1913 3152 87
1951 3100 2148 3151 flamen
2185 3100 2361 3151 Dialis
2401 3100 2597 3165 dietus,
2635 3098 2782 3166 quod
2820 3099 2906 3149 fiio

635 3187 855 3238 assidue
894 3188 1126 3251 veletur,
1164 3187 1402 3255 indeque
1442 3188 1758 3254 appellatur
1785 3186 1980 3239 flamen
2007 3188 2160 3253 quasi
2188 3186 2423 3238 filamen.
2474 3186 2700 3253 Dionys.
2728 3186 2907 3236 Halic.

628 3271 690 3323 ῙῙ
713 3270 781 3323 64
803 3268 892 3337 τήν
915 3272 972 3324 δὲ
996 3273 1238 3341 δευτέραν
1261 3271 1360 3339 (80.
1387 3272 1670 3343 ἱερουργιῶν
1694 3271 1939 3335 διάταξιν)
1965 3281 2071 3332 τοῖς
2094 3275 2403 3339 καλουμένοις
2426 3269 2533 3324 ὖπὸ
2554 3278 2642 3339 μὲν
2664 3270 2907 3336 εΕλλήνων

629 3361 1044 3424 στεφανηφόροις,
1096 3355 1198 3410 ὖπό
1249 3358 1306 3410 δὲ
1345 3356 1598 3426 Ῥωμαίων
1642 3360 1907 3425 φλάμοσιν,
1961 3356 2044 3417 οὓς
2078 3358 2164 3409 ἐπὶ
2202 3358 2287 3424 τῆς
2323 3354 2576 3425 φορήσεως
2612 3358 2713 3410 τῶν
2747 3361 2906 3409 πίλων

627 3462 684 3493 ’τε
718 3448 800 3494 καὶ
837 3446 1166 3511 στεμμάτων,
1221 3442 1253 3495 ἃ
1300 3448 1381 3495 καὶ
1425 3444 1507 3497 νῦν
1551 3447 1624 3495 ἔτι
1674 3442 1881 3512 φοροῦσι
1918 3445 2086 3508 φλάμα
2120 3439 2338 3509 (φλᾶμεα
2378 3444 2627 3507 Scaliyer
2664 3442 2805 3493 Cast.
2842 3445 2903 3494 in

627 3527 774 3580 Fest.
810 3544 854 3580 8.
903 3543 950 3579 v.
1003 3524 1311 3595 ‘apiculum'
1361 3535 1409 3580 et
1463 3530 1696 3593 Portu-3,
1745 3525 1987 3595 φιλᾶμινα
2049 3527 2361 3593 Turnebus)
2414 3529 2679 3589 καλοῦντες
2699 3566 2714 3593 ,
2768 3531 2903 3579 οὕτω

626 3618 1064 3683 προσαγορεύουσι.
1137 3614 1278 3665 Plut.
1316 3612 1470 3666 Num.
1511 3613 1539 3665 7
1577 3616 1783 3667 ἐκάλουν
1830 3614 1887 3665 δὲ
1933 3620 2012 3665 καὶ
2062 3614 2181 3673 τούς
2229 3618 2634 3685 προγενεστέρους
2668 3613 2903 3682 φλιέμινας

623 3694 734 3752 duo*
770 3699 870 3754 τῶν
906 3710 1228 3771 περικρανίων
1263 3705 1450 3763 πίλων,
1505 3701 1591 3761 οὓς
1625 3706 1736 3770 περὶ
1778 3709 1886 3761 ταῖς
1921 3707 2151 3769 κεφαλαῖς
2186 3708 2397 3770 φοροῦσι
2415 3743 2428 3767 ,
2466 3706 2734 3771 πιλαμένας
2768 3699 2903 3761 Tarde
2959 3721 2962 3724 ·

623 3789 787 3841 ὄντας.
858 3785 1036 3840 Varro
1079 3789 1111 3838 l.
1149 3788 1183 3839 l.
1221 3786 1273 3838 V
1319 3786 1386 3839 84
1435 3788 1714 3852 flamines,
1763 3787 1915 3854 quod
1964 3788 2019 3839 in
2069 3788 2228 3840 Latio
2280 3788 2461 3855 capite
2513 3790 2695 3840 velato
2746 3793 2902 3839 erant

621 3886 840 3938 semper
895 3888 960 3924 ae
1017 3879 1183 3940 caput
1237 3868 1474 3926 cinctum
1530 3874 1813 3927 habebant
1869 3874 1993 3941 filo,
2047 3876 2294 3927 flamines
2349 3874 2496 3926 dicti.
2582 3874 2901 3926 Commenta

621 3955 887 4010 Beruens.
928 3958 1132 4010 Lucan.
1169 3960 1197 4011 I
1245 3958 1348 4011 604
1385 3976 1436 4025 p.
1473 3959 1546 4012 40
1580 3960 1708 4012 Us.:
1758 3965 1815 4011 et
1861 3962 2060 4013 tollens
2113 3957 2346 4027 apicem]
2398 3960 2654 4028 quoniam
2706 3959 2898 4026 pileati

619 4048 748 4097 sunt
787 4043 1062 4110 virgulam
1101 4060 1266 4112 super
1302 4045 1572 4098 habentes
1609 4045 1899 4113 dignitatis
1940 4063 2127 4102 causa..
2194 4048 2354 4098 Paul.
2394 4063 2445 4113 p.
2489 4045 2552 4098 18
2587 4061 2758 4112 apex,
2806 4048 2899 4113 qui

617 4133 704 4182 est
741 4130 1092 4183 sacerdotum
1145 4131 1389 4198 insigne,
1441 4132 1620 4184 dictus
1658 4140 1744 4185 est
1782 4134 1848 4184 ab
1889 4149 1953 4185 eo
1992 4134 2137 4200 quod
2176 4134 2645 4201 comprehendere
2684 4132 2898 4200 antiqui

617 4217 849 4291 vinculo
880 4232 1050 4282 apere
1086 4216 1362 4270 dicebant.
1419 4218 1490 4269 ib.
1519 4234 1568 4284 p.
1595 4218 1663 4269 22
1701 4235 1805 4286 ape
1842 4218 1988 4285 apud
2029 4220 2284 4286 antiquos
2323 4220 2611 4273 dicebatur
2648 4221 2897 4287 prohibe,

615 4317 921 4372 compesce.

822 4496 841 4529 '¹
879 4491 1050 4558 ferre]
1091 4497 1313 4560 portare
1348 4494 1405 4546 F
