3407 5226
581 498 662 563 12

587 711 732 756 nam
792 712 1007 775 regem
1071 696 1134 754 et
1190 689 1478 755 flamines
1547 691 1754 775 ipsum
1828 690 2169 774 collegium
2242 694 2787 776 complectebatur
2811 693 2853 778 ¹,

587 795 867 878 virgines
912 793 1210 859 Vestales
1271 815 1412 858 cum
1473 793 1836 859 flaminibus
1906 795 2088 878 quasi
2144 795 2208 858 in
2268 801 2588 880 potestate
2650 798 2856 880 patria

582 898 897 981 pontificis
958 897 1221 962 maximi
1290 898 1489 962 vitam
1558 897 1800 979 degunt
1823 897 1869 962 2.
1959 899 2176 982 itaque
2244 919 2390 963 cum
2457 897 2537 962 de
2602 900 2856 964 flamine

581 1001 751 1064 Diali
798 1007 860 1066 et
906 1001 986 1066 de
1029 1001 1344 1066 flaminica
1391 1007 1585 1085 atque
1624 1000 1705 1064 de
1751 1001 2103 1084 virginibus
2149 1001 2519 1066 Vestalibus
2569 1005 2858 1087 explora-

580 1111 718 1168 tum
763 1105 844 1169 sit
889 1107 951 1168 in
999 1104 1173 1168 libris
1221 1102 1302 1167 de
1346 1103 1790 1167 sacerdotibus
1851 1109 2196 1188 praecepta
2256 1125 2439 1168 sacra
2498 1114 2855 1190 propagata

582 1228 740 1289 esse,
787 1206 956 1270 idem
1004 1207 1085 1271 de
1127 1227 1280 1290 rege
1327 1227 1677 1289 sacrorum,
1724 1205 1805 1270 de
1853 1206 2208 1271 flaminibus
2242 1206 2520 1271 Martiali
2552 1215 2617 1272 et
2650 1209 2855 1283 Quiri-

579 1311 707 1376 nali
777 1331 1126 1394 eorumque
1181 1309 1532 1392 uxoribus,
1593 1309 1675 1374 de
1737 1309 2162 1393 epulonibus3
2219 1311 2466 1374 ratione
2527 1311 2668 1392 illa,
2729 1333 2854 1396 qua

583 1435 723 1476 cum
769 1412 1173 1497 pontificibus
1220 1413 1537 1476 coniuncti
1583 1418 1802 1489 erant,
1865 1413 2066 1476 adiuti
2111 1415 2531 1497 assequimur.
2593 1436 2854 1499 prorsus

581 1537 732 1580 vero
780 1516 861 1580 ab
907 1516 1029 1579 hac
1075 1517 1520 1597 communione
1578 1517 2017 1600 segregandos
2076 1539 2217 1582 esse
2275 1516 2671 1582 decemviros
2717 1521 2854 1584 sive

583 1618 1117 1706 quindecimviros
1179 1641 1497 1684 sacrorum
1556 1619 1703 1684 inde
1767 1621 2193 1703 colligendum
2257 1628 2389 1704 est,
2446 1623 2615 1705 quod
2676 1643 2856 1686 sacra

581 1745 800 1788 eorum
849 1745 887 1785 a
933 1723 1138 1806 prisco
1185 1725 1312 1787 ritu
1375 1744 1640 1787 romano
1701 1745 1961 1808 prorsus
2008 1724 2216 1788 aliena
2261 1727 2519 1789 erant4:
2579 1727 2855 1810 reliquo-

578 1849 724 1890 rum
768 1825 1172 1890 sacerdotum
1206 1827 1605 1910 publicorum
1638 1827 2057 1891 caerimonias
2104 1848 2181 1890 ac
2225 1828 2364 1890 iura
2411 1828 2489 1891 ad
2536 1828 2728 1894 libros
2774 1829 2853 1892 de

580 1929 1014 1996 sacerdotibus
1060 1931 1441 2014 pertinuisse
1489 1935 1661 1994 certa
1707 1930 1981 2014 vestigia
2026 1930 2320 2014 probant.

783 2034 939 2098 istos
988 2033 1186 2096 libros
1244 2033 1598 2097 secundum
1661 2032 2021 2098 sacerdotia
2067 2035 2128 2097 in
2177 2034 2459 2118 singulas
2503 2042 2718 2119 partes
2765 2036 2855 2099 di-

580 2139 752 2203 visas
786 2136 976 2200 fuisse
1023 2158 1139 2221 per
1185 2157 1253 2200 se
1301 2141 1794 2200 consentaneum
1844 2142 1960 2200 est.
2022 2143 2090 2200 at
2136 2136 2334 2201 fuisse
2383 2139 2577 2202 etiam
2623 2141 2686 2203 in
2730 2140 2853 2203 illis

580 2247 945 2324 praecepta,
991 2239 1221 2325 quibus
1267 2239 1703 2303 sacerdotibus
1750 2239 1814 2302 in
1847 2241 2214 2303 universum
2248 2261 2408 2324 quae
2457 2242 2854 2306 observanda

580 2352 794 2408 essent
837 2343 1213 2426 sanciretur,
1259 2342 1489 2407 Festus
1536 2364 1598 2425 p.
1634 2345 1761 2406 249
1808 2365 1855 2407 s.
1903 2364 1960 2409 v,
2007 2339 2185 2429 ‘pura
2229 2343 2617 2408 vestimenta’
2662 2345 2855 2409 fidem

578 2445 765 2528 facit,
825 2443 1002 2511 cuius
1048 2445 1282 2510 damna
1336 2467 1502 2530 quae
1562 2446 1709 2508 tulit
1770 2450 1941 2510 certa
1984 2446 2234 2510 ratione
2281 2468 2316 2510 e
2363 2445 2570 2510 Paulo
2617 2469 2679 2532 p.
2730 2449 2853 2511 248

577 2550 726 2613 licet
771 2550 1039 2613 sarcire:
1083 2549 1290 2634 [pura
1334 2547 1762 2633 vestJim[enta
1803 2549 2155 2612 sacerdotes
2194 2550 2419 2633 populi
2456 2549 2727 2616 Romani
2771 2551 2857 2615 ad

577 2652 1036 2738 sacrzjficzsum
1079 2654 1303 2717 habere
1347 2656 1562 2735 solent,
1609 2654 1680 2717 id
1726 2660 1813 2718 est
1856 2673 1985 2716 non
2022 2653 2274 2736 obJSita,
2318 2653 2477 2735 [non
2491 2656 2855 2738 sulpurita,

578 2778 706 2822 non
734 2758 1029 2839 funesta,
1079 2778 1204 2821 non
1247 2756 1610 2841 maculata]
1651 2778 1728 2821 ea:
1770 2756 2047 2839 hlomine
2090 2756 2373 2839 mortuo]
2417 2756 2525 2839 (fr.
2559 2757 2675 2837 3)5.
2740 2778 2849 2821 ne-

581 2883 708 2943 que
759 2860 924 2924 enim
972 2860 1135 2924 iuste
1181 2881 1533 2943 ageremu3‚
1578 2862 1631 2924 si
1677 2868 2005 2924 auctorem
2052 2861 2117 2923 in
2162 2861 2337 2941 aliis,
2399 2881 2565 2945 quae
2612 2860 2695 2925 ad
2741 2862 2855 2926 has

581 2965 991 3048 quaestiones
1036 2964 1382 3047 pertinent,
1429 2963 1789 3028 sacerdotia
1820 2963 2157 3048 diligenter
2189 2961 2688 3046 distinguentem
2733 2964 2856 3029 hoc

577 3068 722 3131 loco
769 3065 1173 3131 sacerdotum
1217 3088 1447 3131 nomen
1499 3087 1835 3131 commune
1879 3066 2186 3131 inlocum
2218 3068 2618 3150 singulorum
2646 3088 2856 3132 sacer-

578 3169 799 3233 dotum
863 3169 1192 3234 admisisse
1253 3175 1644 3254 putaremus.¹
1737 3170 1927 3234 huius
1973 3170 2247 3251 vestigia
2293 3170 2523 3254 pressit
2566 3171 2857 3258 Interpo-

576 3274 744 3338 lator
789 3273 970 3338 Servi
1022 3273 1188 3338 Aen.
1227 3273 1326 3336 IV
1363 3277 1488 3338 683
1535 3279 1599 3338 et
1641 3274 1780 3338 XII
1815 3276 1938 3337 169
1986 3272 2093 3357 (fr.
2125 3275 2221 3354 3),
2267 3274 2382 3338 nisi
2434 3274 2605 3359 quod
2651 3276 2853 3339 altero

581 3376 724 3440 loco
773 3376 854 3439 de
898 3385 1081 3441 veste
1126 3378 1293 3442 linea
1341 3394 1404 3442 et
1448 3398 1772 3462 purpurea
1816 3377 2245 3461 adglutinavit
2291 3378 2647 3462 quaedam,
2694 3397 2856 3461 quae

582 3506 749 3513 ——„-

786 3568 805 3601 ¹
844 3566 914 3618 cf.
954 3565 1066 3620 Cic.
1106 3567 1175 3619 de
1211 3569 1330 3620 har.
1367 3583 1517 3634 resp.
1555 3567 1607 3634 6,
1649 3567 1728 3619 12.
1778 3567 2121 3634 Marquardt,
2156 3567 2378 3619 Enchir.
2420 3571 2531 3620 ant.
2574 3583 2709 3619 rom.
2736 3566 2854 3619 V12

578 3669 634 3719 p.
663 3650 764 3703 242
802 3669 883 3720 sq.

776 3737 802 3774 ²
836 3738 907 3790 cf.
943 3737 1268 3805 Marquardt
1301 3739 1337 3789 1.
1374 3739 1410 3790 l.
1449 3755 1502 3805 p.
1540 3736 1643 3791 249
1679 3755 1759 3806 sq.
1796 3737 1919 3791 315.

782 3823 804 3857 ⁸
840 3823 909 3875 de
946 3825 1033 3876 his
1073 3824 1144 3876 cf.
1181 3824 1506 3892 Marquardt
1541 3825 1577 3875 l.
1613 3825 1647 3875 1.
1686 3841 1740 3891 p.
1777 3823 1879 3877 347
1918 3840 2037 3892 sqq.

780 3908 803 3943 ⁴
839 3910 907 3961 cf.
945 3910 1270 3977 Marquardt
1304 3912 1340 3962 l.
1376 3911 1413 3961 1.
1451 3927 1504 3977 p.
1542 3909 1650 3963 379
1687 3927 1806 3977 sqq.

785 3997 805 4030 ⁵
842 3996 913 4048 cf.
952 3996 1136 4049 adnot.
1175 3997 1296 4048 crit.
1325 3996 1392 4048 fr.
1420 3994 1470 4049 3.
1508 4011 1620 4047 non
1655 4011 1881 4063 possum
1917 4013 2038 4049 cum
2072 3996 2339 4048 Muellero
2376 3995 2443 4047 de
2482 3996 2702 4062 glossae
2741 4012 2855 4048 am-

579 4082 698 4135 bitu
732 4083 1071 4148 consentire3
1108 4099 1234 4135 nam
1271 4099 1393 4134 cum
1429 4082 1520 4134 hic
1557 4099 1680 4135 eam
1714 4083 1883 4134 etiam
1907 4086 2033 4149 post
2056 4083 2229 4135 verba
2252 4099 2322 4133 ex
2346 4080 2590 4145 h[omine
2613 4081 2856 4145 mortuo]

579 4168 890 4220 continuari
940 4169 1074 4220 velit
1123 4167 1333 4219 duobus
1383 4168 1635 4221 versibus
1688 4168 2165 4235 subsequentibu8‚
2203 4183 2431 4234 quorum
2466 4169 2607 4219 haec
2644 4170 2857 4219 tantum

576 4258 769 4307 extant
803 4254 1068 4306 frustula:
1105 4269 1230 4305 voca
1268 4292 1495 4305 .....

1105 4343 1246 4393 tiata
1283 4378 1510 4393 .....
1549 4379 1563 4407 ,

581 4426 832 4493 equidem
867 4431 1001 4495 puto
1038 4428 1177 4479 haec
1214 4427 1338 4493 ipsa
1372 4427 1483 4479 iam
1519 4427 1802 4495 pertinere
1828 4427 1899 4479 ad
1925 4428 2185 4495 glossam,
2222 4443 2364 4493 qua-e
2401 4429 2854 4498 subsequebatur,

584 4530 618 4570 a
653 4513 827 4566 Paulo
862 4530 917 4586 p.
955 4511 1058 4565 248
1094 4513 1173 4569 sic
1208 4513 1548 4569 imminutam
1576 4515 1879 4584 proculam,
1909 4520 2213 4585 provocato.
