<?xml version="1.0" encoding="UTF-8"?>
<!DOCTYPE html PUBLIC "-//W3C//DTD XHTML 1.0 Transitional//EN"
    "http://www.w3.org/TR/xhtml1/DTD/xhtml1-transitional.dtd">
<html xmlns="http://www.w3.org/1999/xhtml" xml:lang="en" lang="en">
 <head>
  <title>
</title>
<meta http-equiv="Content-Type" content="text/html;charset=utf-8" />
  <meta name='ocr-system' content='tesseract 3.04.00' />
  <meta name='ocr-capabilities' content='ocr_page ocr_carea ocr_par ocr_line ocrx_word'/>
</head>
<body>
  <div class='ocr_page' id='page_1' title='image "./quaestionumpont00petegoog_0067.png"; bbox 0 0 3407 5226; ppageno 0'>
   <div class='ocr_carea' id='block_1_1' title="bbox 2728 445 2809 512">
    <p class='ocr_par' dir='ltr' id='par_1_1' title="bbox 2728 445 2809 512">
     <span class='ocr_line' id='line_1_1' title="bbox 2728 445 2809 512; baseline 0 0"><span class='ocrx_word' id='word_1_1' title='bbox 2728 445 2809 512; x_wconf 79' lang='lat'>63</span> 
     </span>
    </p>
   </div>
   <div class='ocr_carea' id='block_1_2' title="bbox 543 633 2815 730">
    <p class='ocr_par' dir='ltr' id='par_1_2' title="bbox 543 633 2815 730">
     <span class='ocr_line' id='line_1_2' title="bbox 543 633 2815 730; baseline -0.004 -15"><span class='ocrx_word' id='word_1_2' title='bbox 543 644 719 715; x_wconf 89' lang='lat' dir='ltr'>nisi</span> <span class='ocrx_word' id='word_1_3' title='bbox 782 662 1000 730; x_wconf 90' lang='lat' dir='ltr'>quae</span> <span class='ocrx_word' id='word_1_4' title='bbox 1058 636 1450 704; x_wconf 81' lang='lat' dir='ltr'>Graecae</span> <span class='ocrx_word' id='word_1_5' title='bbox 1514 633 2130 721; x_wconf 82' lang='lat' dir='ltr'>appellantur,</span> <span class='ocrx_word' id='word_1_6' title='bbox 2195 635 2676 706; x_wconf 78' lang='lat' dir='ltr'>escendere</span> <span class='ocrx_word' id='word_1_7' title='bbox 2738 642 2815 707; x_wconf 91' lang='lat' dir='ltr'>ei</span> 
     </span>
    </p>
   </div>
   <div class='ocr_carea' id='block_1_3' title="bbox 1489 828 1864 910">
    <p class='ocr_par' dir='ltr' id='par_1_3' title="bbox 1489 828 1864 910">
     <span class='ocr_line' id='line_1_3' title="bbox 1489 828 1864 866; baseline -0.003 0"><span class='ocrx_word' id='word_1_8' title='bbox 1489 828 1524 866; x_wconf 65' lang='lat' dir='ltr'>’lt</span> <span class='ocrx_word' id='word_1_9' title='bbox 1829 828 1864 865; x_wconf 72' lang='lat'>²1:</span> 
     </span>
     <span class='ocr_line' id='line_1_4' title="bbox 1660 873 1695 910; baseline 0 0"><span class='ocrx_word' id='word_1_10' title='bbox 1660 873 1695 910; x_wconf 59' lang='grc' dir='ltr'>δίε</span> 
     </span>
    </p>
   </div>
   <div class='ocr_carea' id='block_1_4' title="bbox 543 1022 2832 1619">
    <p class='ocr_par' dir='ltr' id='par_1_4' title="bbox 543 1022 2832 1619">
     <span class='ocr_line' id='line_1_5' title="bbox 543 1022 2811 1118; baseline -0.003 -22"><span class='ocrx_word' id='word_1_11' title='bbox 543 1033 785 1118; x_wconf 84' lang='lat' dir='ltr'>pitur</span> <span class='ocrx_word' id='word_1_12' title='bbox 845 1026 1274 1102; x_wconf 88' lang='lat' dir='ltr'>arculum,</span> <span class='ocrx_word' id='word_1_13' title='bbox 1333 1023 1637 1103; x_wconf 86' lang='lat' dir='ltr'>ricam,</span> <span class='ocrx_word' id='word_1_14' title='bbox 1702 1027 2265 1102; x_wconf 87' lang='lat' dir='ltr'>venenatum,</span> <span class='ocrx_word' id='word_1_15' title='bbox 2329 1022 2699 1089; x_wconf 86' lang='lat' dir='ltr'><strong>fibulam</strong></span> <span class='ocrx_word' id='word_1_16' title='bbox 2744 1075 2811 1090; x_wconf 94' lang='lat'>..</span> 
     </span>
     <span class='ocr_line' id='line_1_6' title="bbox 545 1126 2832 1209; baseline -0.003 -8"><span class='ocrx_word' id='word_1_17' title='bbox 545 1133 937 1202; x_wconf 88' lang='lat' dir='ltr'>arculum</span> <span class='ocrx_word' id='word_1_18' title='bbox 1046 1148 1249 1191; x_wconf 86' lang='lat' dir='ltr'>vero</span> <span class='ocrx_word' id='word_1_19' title='bbox 1355 1132 1484 1189; x_wconf 84' lang='lat' dir='ltr'>est</span> <span class='ocrx_word' id='word_1_20' title='bbox 1592 1126 1843 1209; x_wconf 86' lang='lat' dir='ltr'>virga</span> <span class='ocrx_word' id='word_1_21' title='bbox 1953 1146 2053 1189; x_wconf 87' lang='lat' dir='ltr'>ex</span> <span class='ocrx_word' id='word_1_22' title='bbox 2160 1127 2382 1190; x_wconf 87' lang='lat' dir='ltr'>malo</span> <span class='ocrx_word' id='word_1_23' title='bbox 2485 1126 2832 1194; x_wconf 82' lang='lat' dir='ltr'>Punica·</span> 
     </span>
     <span class='ocr_line' id='line_1_7' title="bbox 546 1230 2814 1316; baseline -0.004 -10"><span class='ocrx_word' id='word_1_24' title='bbox 546 1242 1060 1314; x_wconf 85' lang='lat' dir='ltr'>incurvata,</span> <span class='ocrx_word' id='word_1_25' title='bbox 1171 1252 1388 1316; x_wconf 89' lang='lat' dir='ltr'>quae</span> <span class='ocrx_word' id='word_1_26' title='bbox 1493 1230 1605 1293; x_wconf 89' lang='lat' dir='ltr'>fit</span> <span class='ocrx_word' id='word_1_27' title='bbox 1714 1230 1962 1314; x_wconf 83' lang='lat' dir='ltr'><strong>quasi</strong></span> <span class='ocrx_word' id='word_1_28' title='bbox 2077 1251 2397 1294; x_wconf 89' lang='lat' dir='ltr'>corona</span> <span class='ocrx_word' id='word_1_29' title='bbox 2484 1237 2566 1295; x_wconf 89' lang='lat' dir='ltr'>et</span> <span class='ocrx_word' id='word_1_30' title='bbox 2652 1234 2814 1297; x_wconf 91' lang='lat' dir='ltr'>ima</span> 
     </span>
     <span class='ocr_line' id='line_1_8' title="bbox 544 1334 2813 1425; baseline -0.004 -14"><span class='ocrx_word' id='word_1_31' title='bbox 544 1360 1042 1425; x_wconf 89' lang='lat' dir='ltr'>summaque</span> <span class='ocrx_word' id='word_1_32' title='bbox 1129 1338 1364 1401; x_wconf 90' lang='lat' dir='ltr'>inter</span> <span class='ocrx_word' id='word_1_33' title='bbox 1437 1356 1521 1398; x_wconf 88' lang='lat' dir='ltr'>se</span> <span class='ocrx_word' id='word_1_34' title='bbox 1604 1335 2048 1418; x_wconf 86' lang='lat' dir='ltr'>alligatur</span> <span class='ocrx_word' id='word_1_35' title='bbox 2128 1334 2483 1399; x_wconf 85' lang='lat' dir='ltr'>vinculo</span> <span class='ocrx_word' id='word_1_36' title='bbox 2562 1337 2813 1402; x_wconf 90' lang='lat' dir='ltr'>laneo</span> 
     </span>
     <span class='ocr_line' id='line_1_9' title="bbox 543 1438 2813 1530; baseline -0.004 -15"><span class='ocrx_word' id='word_1_37' title='bbox 543 1451 620 1515; x_wconf 89' lang='lat' dir='ltr'>al</span> <span class='ocrx_word' id='word_1_38' title='bbox 642 1450 684 1513; x_wconf 98' lang='lat' dir='ltr'>b</span> <span class='ocrx_word' id='word_1_39' title='bbox 704 1470 775 1530; x_wconf 88' lang='lat' dir='ltr'>o,</span> <span class='ocrx_word' id='word_1_40' title='bbox 841 1465 1029 1530; x_wconf 90' lang='lat' dir='ltr'>quam</span> <span class='ocrx_word' id='word_1_41' title='bbox 1089 1443 1155 1506; x_wconf 92' lang='lat' dir='ltr'>in</span> <span class='ocrx_word' id='word_1_42' title='bbox 1217 1439 1536 1504; x_wconf 88' lang='lat' dir='ltr'>sacrificiis</span> <span class='ocrx_word' id='word_1_43' title='bbox 1596 1438 1785 1502; x_wconf 91' lang='lat' dir='ltr'>certis</span> <span class='ocrx_word' id='word_1_44' title='bbox 1849 1439 2071 1522; x_wconf 87' lang='lat' dir='ltr'>regina</span> <span class='ocrx_word' id='word_1_45' title='bbox 2136 1440 2200 1502; x_wconf 91' lang='lat' dir='ltr'>in</span> <span class='ocrx_word' id='word_1_46' title='bbox 2246 1441 2453 1524; x_wconf 89' lang='lat' dir='ltr'>capite</span> <span class='ocrx_word' id='word_1_47' title='bbox 2515 1439 2813 1525; x_wconf 87' lang='lat' dir='ltr'>habebat,</span> 
     </span>
     <span class='ocr_line' id='line_1_10' title="bbox 543 1541 2816 1619; baseline -0.004 0"><span class='ocrx_word' id='word_1_48' title='bbox 543 1549 1010 1619; x_wconf 85' lang='lat' dir='ltr'>flaminica</span> <span class='ocrx_word' id='word_1_49' title='bbox 1084 1550 1372 1608; x_wconf 89' lang='lat' dir='ltr'>autem</span> <span class='ocrx_word' id='word_1_50' title='bbox 1446 1541 1742 1606; x_wconf 91' lang='lat' dir='ltr'>Dialis</span> <span class='ocrx_word' id='word_1_51' title='bbox 1818 1544 2044 1606; x_wconf 90' lang='lat' dir='ltr'>omni</span> <span class='ocrx_word' id='word_1_52' title='bbox 2125 1543 2816 1611; x_wconf 78' lang='lat' dir='ltr'>sacrificatione</span> 
     </span>
    </p>
   </div>
   <div class='ocr_carea' id='block_1_5' title="bbox 544 1645 2817 2154">
    <p class='ocr_par' dir='ltr' id='par_1_5' title="bbox 544 1645 2817 2154">
     <span class='ocr_line' id='line_1_11' title="bbox 544 1645 2816 1730; baseline -0.003 -10"><span class='ocrx_word' id='word_1_53' title='bbox 544 1657 674 1720; x_wconf 92' lang='lat' dir='ltr'>uti</span> <span class='ocrx_word' id='word_1_54' title='bbox 763 1651 1148 1717; x_wconf 83' lang='lat' dir='ltr'>debebat</span> <span class='ocrx_word' id='word_1_55' title='bbox 1237 1646 1352 1730; x_wconf 83' lang='lat' dir='ltr'>(cf.</span> <span class='ocrx_word' id='word_1_56' title='bbox 1420 1647 1516 1727; x_wconf 83' lang='lat' dir='ltr'>fr.</span> <span class='ocrx_word' id='word_1_57' title='bbox 1594 1646 1720 1725; x_wconf 89' lang='lat'>10).</span> <span class='ocrx_word' id='word_1_58' title='bbox 1812 1645 1980 1709; x_wconf 85' lang='lat' dir='ltr'>Fest.</span> <span class='ocrx_word' id='word_1_59' title='bbox 2055 1667 2118 1730; x_wconf 89' lang='lat' dir='ltr'>p.</span> <span class='ocrx_word' id='word_1_60' title='bbox 2197 1648 2323 1710; x_wconf 84' lang='lat'>289</span> <span class='ocrx_word' id='word_1_61' title='bbox 2412 1650 2595 1713; x_wconf 91' lang='lat' dir='ltr'>rica</span> <span class='ocrx_word' id='word_1_62' title='bbox 2684 1657 2816 1714; x_wconf 92' lang='lat' dir='ltr'>est</span> 
     </span>
     <span class='ocr_line' id='line_1_12' title="bbox 545 1747 2817 1841; baseline -0.003 -19"><span class='ocrx_word' id='word_1_63' title='bbox 545 1758 1196 1841; x_wconf 85' lang='lat' dir='ltr'>[vestimentum</span> <span class='ocrx_word' id='word_1_64' title='bbox 1302 1747 1852 1834; x_wconf 86' lang='lat' dir='ltr'>quadratum]</span> <span class='ocrx_word' id='word_1_65' title='bbox 1959 1750 2511 1815; x_wconf 84' lang='lat' dir='ltr'>fimbriatum</span> <span class='ocrx_word' id='word_1_66' title='bbox 2616 1774 2817 1837; x_wconf 89' lang='lat' dir='ltr'>pur-</span> 
     </span>
     <span class='ocr_line' id='line_1_13' title="bbox 546 1852 2811 1947; baseline -0.001 -23"><span class='ocrx_word' id='word_1_67' title='bbox 546 1861 989 1947; x_wconf 85' lang='lat' dir='ltr'>[pureum‚</span> <span class='ocrx_word' id='word_1_68' title='bbox 1092 1876 1251 1939; x_wconf 91' lang='lat' dir='ltr'>quo</span> <span class='ocrx_word' id='word_1_69' title='bbox 1353 1852 1874 1918; x_wconf 86' lang='lat' dir='ltr'>flaminicae</span> <span class='ocrx_word' id='word_1_70' title='bbox 1961 1852 2103 1938; x_wconf 84' lang='lat' dir='ltr'>pro]</span> <span class='ocrx_word' id='word_1_71' title='bbox 2193 1855 2456 1939; x_wconf 90' lang='lat' dir='ltr'>palliolo</span> <span class='ocrx_word' id='word_1_72' title='bbox 2546 1857 2811 1921; x_wconf 82' lang='lat' dir='ltr'>mitrave</span> 
     </span>
     <span class='ocr_line' id='line_1_14' title="bbox 547 1956 2811 2048; baseline -0.002 -20"><span class='ocrx_word' id='word_1_73' title='bbox 547 1962 1110 2048; x_wconf 79' lang='lat' dir='ltr'>[utebantur.</span> <span class='ocrx_word' id='word_1_74' title='bbox 1175 1964 1304 2022; x_wconf 92' lang='lat' dir='ltr'>ut.</span> <span class='ocrx_word' id='word_1_75' title='bbox 1373 2008 1387 2022; x_wconf 94' lang='lat'>.</span> <span class='ocrx_word' id='word_1_76' title='bbox 1456 2005 1470 2020; x_wconf 93' lang='lat'>.</span> <span class='ocrx_word' id='word_1_77' title='bbox 1541 2007 1553 2021; x_wconf 98' lang='lat'>.</span> <span class='ocrx_word' id='word_1_78' title='bbox 1603 1956 1627 2034; x_wconf 95' lang='lat'>]</span> <span class='ocrx_word' id='word_1_79' title='bbox 1693 1958 2036 2022; x_wconf 87' lang='lat' dir='ltr'>existimat.</span> <span class='ocrx_word' id='word_1_80' title='bbox 2128 1956 2361 2039; x_wconf 85' lang='lat' dir='ltr'>Titi[us</span> <span class='ocrx_word' id='word_1_81' title='bbox 2423 1964 2637 2022; x_wconf 90' lang='lat' dir='ltr'>autem</span> <span class='ocrx_word' id='word_1_82' title='bbox 2702 1962 2811 2043; x_wconf 87' lang='lat' dir='ltr'>ait,</span> 
     </span>
     <span class='ocr_line' id='line_1_15' title="bbox 546 2059 2816 2154; baseline -0.001 -22"><span class='ocrx_word' id='word_1_83' title='bbox 546 2067 772 2154; x_wconf 89' lang='lat' dir='ltr'>quod</span> <span class='ocrx_word' id='word_1_84' title='bbox 836 2086 935 2130; x_wconf 89' lang='lat' dir='ltr'>ex</span> <span class='ocrx_word' id='word_1_85' title='bbox 1002 2065 1204 2126; x_wconf 90' lang='lat' dir='ltr'>lana</span> <span class='ocrx_word' id='word_1_86' title='bbox 1263 2059 1473 2142; x_wconf 88' lang='lat' dir='ltr'>fiat]</span> <span class='ocrx_word' id='word_1_87' title='bbox 1538 2061 1844 2125; x_wconf 90' lang='lat' dir='ltr'>sucida</span> <span class='ocrx_word' id='word_1_88' title='bbox 1906 2061 2106 2125; x_wconf 89' lang='lat' dir='ltr'>alba</span> <span class='ocrx_word' id='word_1_89' title='bbox 2170 2063 2649 2142; x_wconf 86' lang='lat' dir='ltr'>vest[imentum</span> <span class='ocrx_word' id='word_1_90' title='bbox 2693 2064 2816 2129; x_wconf 90' lang='lat' dir='ltr'>dici</span> 
     </span>
    </p>
   </div>
   <div class='ocr_carea' id='block_1_6' title="bbox 539 2292 2817 3938">
    <p class='ocr_par' dir='ltr' id='par_1_6' title="bbox 539 2292 2817 3938">
     <span class='ocr_line' id='line_1_16' title="bbox 544 2292 2814 2381; baseline -0.004 -4"><span class='ocrx_word' id='word_1_91' title='bbox 544 2365 556 2377; x_wconf 97' lang='lat'>.</span> <span class='ocrx_word' id='word_1_92' title='bbox 586 2364 597 2376; x_wconf 93' lang='lat'>.</span> <span class='ocrx_word' id='word_1_93' title='bbox 626 2363 638 2375; x_wconf 90' lang='lat'>.</span> <span class='ocrx_word' id='word_1_94' title='bbox 665 2322 1029 2381; x_wconf 85' lang='lat' dir='ltr'>utebatur,</span> <span class='ocrx_word' id='word_1_95' title='bbox 1067 2292 1123 2368; x_wconf 85' lang='lat' dir='ltr'>id</span> <span class='ocrx_word' id='word_1_96' title='bbox 1161 2319 1244 2367; x_wconf 86' lang='lat' dir='ltr'>est</span> <span class='ocrx_word' id='word_1_97' title='bbox 1270 2314 1447 2366; x_wconf 90' lang='lat' dir='ltr'>Dialis</span> <span class='ocrx_word' id='word_1_98' title='bbox 1485 2329 1624 2365; x_wconf 86' lang='lat' dir='ltr'>uxor</span> <span class='ocrx_word' id='word_1_99' title='bbox 1662 2317 1720 2365; x_wconf 92' lang='lat' dir='ltr'>et</span> <span class='ocrx_word' id='word_1_100' title='bbox 1743 2313 1891 2365; x_wconf 88' lang='lat' dir='ltr'>Iovis</span> <span class='ocrx_word' id='word_1_101' title='bbox 1928 2312 2206 2379; x_wconf 85' lang='lat' dir='ltr'>sacerdos,</span> <span class='ocrx_word' id='word_1_102' title='bbox 2245 2313 2331 2365; x_wconf 90' lang='lat' dir='ltr'>cui</span> <span class='ocrx_word' id='word_1_103' title='bbox 2369 2315 2536 2366; x_wconf 90' lang='lat' dir='ltr'>telum</span> <span class='ocrx_word' id='word_1_104' title='bbox 2573 2316 2814 2369; x_wconf 83' lang='lat' dir='ltr'>fulminis</span> 
     </span>
     <span class='ocr_line' id='line_1_17' title="bbox 544 2398 2814 2469; baseline -0.004 -7"><span class='ocrx_word' id='word_1_105' title='bbox 544 2410 737 2462; x_wconf 90' lang='lat' dir='ltr'>eodem</span> <span class='ocrx_word' id='word_1_106' title='bbox 776 2410 896 2460; x_wconf 86' lang='lat' dir='ltr'>erat</span> <span class='ocrx_word' id='word_1_107' title='bbox 933 2404 1134 2457; x_wconf 88' lang='lat' dir='ltr'>colore.</span> <span class='ocrx_word' id='word_1_108' title='bbox 1206 2401 1473 2469; x_wconf 85' lang='lat' dir='ltr'>Interpol.</span> <span class='ocrx_word' id='word_1_109' title='bbox 1514 2399 1666 2451; x_wconf 84' lang='lat' dir='ltr'>Serv.</span> <span class='ocrx_word' id='word_1_110' title='bbox 1705 2400 1843 2451; x_wconf 88' lang='lat' dir='ltr'>Aen.</span> <span class='ocrx_word' id='word_1_111' title='bbox 1882 2398 1962 2450; x_wconf 90' lang='lat' dir='ltr'>IV</span> <span class='ocrx_word' id='word_1_112' title='bbox 2000 2398 2094 2451; x_wconf 78' lang='lat'>137</span> <span class='ocrx_word' id='word_1_113' title='bbox 2133 2403 2321 2452; x_wconf 81' lang='lat' dir='ltr'>vetere</span> <span class='ocrx_word' id='word_1_114' title='bbox 2359 2400 2814 2454; x_wconf 85' lang='lat' dir='ltr'>caerimoniarum</span> 
     </span>
     <span class='ocr_line' id='line_1_18' title="bbox 544 2481 2813 2561; baseline -0.003 -14"><span class='ocrx_word' id='word_1_115' title='bbox 544 2496 665 2546; x_wconf 88' lang='lat' dir='ltr'>iure</span> <span class='ocrx_word' id='word_1_116' title='bbox 701 2493 1056 2561; x_wconf 88' lang='lat' dir='ltr'>praeceptum</span> <span class='ocrx_word' id='word_1_117' title='bbox 1095 2491 1206 2551; x_wconf 83' lang='lat' dir='ltr'>est,</span> <span class='ocrx_word' id='word_1_118' title='bbox 1255 2490 1317 2538; x_wconf 88' lang='lat' dir='ltr'>ut</span> <span class='ocrx_word' id='word_1_119' title='bbox 1360 2485 1635 2538; x_wconf 88' lang='lat' dir='ltr'>flaminica</span> <span class='ocrx_word' id='word_1_120' title='bbox 1670 2481 1944 2538; x_wconf 84' lang='lat' dir='ltr'>vene&#39;nato</span> <span class='ocrx_word' id='word_1_121' title='bbox 1983 2489 2179 2552; x_wconf 88' lang='lat' dir='ltr'>operta</span> <span class='ocrx_word' id='word_1_122' title='bbox 2215 2486 2286 2537; x_wconf 86' lang='lat' dir='ltr'>sit</span> <span class='ocrx_word' id='word_1_123' title='bbox 2323 2526 2336 2538; x_wconf 93' lang='lat'>.</span> <span class='ocrx_word' id='word_1_124' title='bbox 2376 2525 2389 2538; x_wconf 96' lang='lat'>.</span> <span class='ocrx_word' id='word_1_125' title='bbox 2426 2491 2813 2553; x_wconf 88' lang='lat' dir='ltr'>praeterea</span> 
     </span>
     <span class='ocr_line' id='line_1_19' title="bbox 545 2571 2813 2638; baseline -0.004 -3"><span class='ocrx_word' id='word_1_126' title='bbox 545 2623 557 2635; x_wconf 91' lang='lat'>.</span> <span class='ocrx_word' id='word_1_127' title='bbox 599 2622 611 2635; x_wconf 90' lang='lat'>.</span> <span class='ocrx_word' id='word_1_128' title='bbox 651 2621 664 2634; x_wconf 92' lang='lat'>.</span> <span class='ocrx_word' id='word_1_129' title='bbox 703 2579 1017 2633; x_wconf 87' lang='lat' dir='ltr'>fibulam.</span> <span class='ocrx_word' id='word_1_130' title='bbox 1090 2576 1158 2628; x_wconf 91' lang='lat' dir='ltr'>de</span> <span class='ocrx_word' id='word_1_131' title='bbox 1214 2577 1483 2627; x_wconf 80' lang='lat' dir='ltr'>venenato</span> <span class='ocrx_word' id='word_1_132' title='bbox 1538 2571 1837 2636; x_wconf 85' lang='lat' dir='ltr'>(uenenata</span> <span class='ocrx_word' id='word_1_133' title='bbox 1872 2572 2005 2638; x_wconf 88' lang='lat' dir='ltr'>FT)</span> <span class='ocrx_word' id='word_1_134' title='bbox 2062 2572 2264 2625; x_wconf 88' lang='lat' dir='ltr'>dictum</span> <span class='ocrx_word' id='word_1_135' title='bbox 2320 2577 2420 2626; x_wconf 89' lang='lat' dir='ltr'>est.</span> <span class='ocrx_word' id='word_1_136' title='bbox 2493 2575 2813 2628; x_wconf 87' lang='lat' dir='ltr'>arculum</span> 
     </span>
     <span class='ocr_line' id='line_1_20' title="bbox 545 2660 2814 2727; baseline -0.004 -5"><span class='ocrx_word' id='word_1_137' title='bbox 545 2685 714 2722; x_wconf 81' lang='lat' dir='ltr'>vero</span> <span class='ocrx_word' id='word_1_138' title='bbox 752 2706 764 2719; x_wconf 93' lang='lat'>.</span> <span class='ocrx_word' id='word_1_139' title='bbox 805 2703 819 2719; x_wconf 88' lang='lat'>.</span> <span class='ocrx_word' id='word_1_140' title='bbox 858 2705 870 2717; x_wconf 92' lang='lat'>.</span> <span class='ocrx_word' id='word_1_141' title='bbox 908 2666 1014 2717; x_wconf 83' lang='lat' dir='ltr'>uti</span> <span class='ocrx_word' id='word_1_142' title='bbox 1061 2661 1385 2714; x_wconf 83' lang='lat' dir='ltr'>debebat.</span> <span class='ocrx_word' id='word_1_143' title='bbox 1457 2660 1740 2726; x_wconf 85' lang='lat' dir='ltr'>Vergilius</span> <span class='ocrx_word' id='word_1_144' title='bbox 1779 2660 1948 2727; x_wconf 86' lang='lat' dir='ltr'>igitur</span> <span class='ocrx_word' id='word_1_145' title='bbox 1984 2663 2213 2726; x_wconf 78' lang='lat' dir='ltr'>propter</span> <span class='ocrx_word' id='word_1_146' title='bbox 2250 2661 2524 2712; x_wconf 90' lang='lat' dir='ltr'>nominum</span> <span class='ocrx_word' id='word_1_147' title='bbox 2561 2665 2618 2713; x_wconf 88' lang='lat' dir='ltr'>et</span> <span class='ocrx_word' id='word_1_148' title='bbox 2653 2662 2814 2713; x_wconf 87' lang='lat' dir='ltr'>intel-</span> 
     </span>
     <span class='ocr_line' id='line_1_21' title="bbox 544 2746 2813 2813; baseline -0.004 -5"><span class='ocrx_word' id='word_1_149' title='bbox 544 2758 718 2808; x_wconf 88' lang='lat' dir='ltr'>lectus</span> <span class='ocrx_word' id='word_1_150' title='bbox 757 2752 1134 2804; x_wconf 81' lang='lat' dir='ltr'>difficultatem</span> <span class='ocrx_word' id='word_1_151' title='bbox 1172 2748 1334 2800; x_wconf 83' lang='lat' dir='ltr'>aliter</span> <span class='ocrx_word' id='word_1_152' title='bbox 1371 2747 1552 2798; x_wconf 89' lang='lat' dir='ltr'>omnia</span> <span class='ocrx_word' id='word_1_153' title='bbox 1590 2746 2019 2813; x_wconf 86' lang='lat' dir='ltr'>conprehendit:</span> <span class='ocrx_word' id='word_1_154' title='bbox 2064 2762 2189 2797; x_wconf 89' lang='lat' dir='ltr'>nam</span> <span class='ocrx_word' id='word_1_155' title='bbox 2225 2761 2325 2812; x_wconf 88' lang='lat' dir='ltr'>pro</span> <span class='ocrx_word' id='word_1_156' title='bbox 2362 2746 2532 2812; x_wconf 89' lang='lat' dir='ltr'>pallio</span> <span class='ocrx_word' id='word_1_157' title='bbox 2569 2747 2813 2813; x_wconf 81' lang='lat' dir='ltr'>chlamy-</span> 
     </span>
     <span class='ocr_line' id='line_1_22' title="bbox 542 2831 2814 2907; baseline -0.005 -13"><span class='ocrx_word' id='word_1_158' title='bbox 542 2843 694 2907; x_wconf 85' lang='lat' dir='ltr'>dem,</span> <span class='ocrx_word' id='word_1_159' title='bbox 741 2855 842 2907; x_wconf 87' lang='lat' dir='ltr'>pro</span> <span class='ocrx_word' id='word_1_160' title='bbox 893 2839 1163 2890; x_wconf 81' lang='lat' dir='ltr'>venenato</span> <span class='ocrx_word' id='word_1_161' title='bbox 1218 2834 1274 2885; x_wconf 94' lang='lat' dir='ltr'>id</span> <span class='ocrx_word' id='word_1_162' title='bbox 1312 2837 1398 2886; x_wconf 82' lang='lat' dir='ltr'>est</span> <span class='ocrx_word' id='word_1_163' title='bbox 1433 2834 1640 2885; x_wconf 83' lang='lat' dir='ltr'>infecto</span> <span class='ocrx_word' id='word_1_164' title='bbox 1680 2831 1976 2884; x_wconf 87' lang='lat' dir='ltr'>Sidoniam.</span> <span class='ocrx_word' id='word_1_165' title='bbox 2052 2832 2296 2884; x_wconf 85' lang='lat' dir='ltr'>arculum</span> <span class='ocrx_word' id='word_1_166' title='bbox 2333 2847 2464 2883; x_wconf 87' lang='lat' dir='ltr'>vero</span> <span class='ocrx_word' id='word_1_167' title='bbox 2502 2836 2559 2883; x_wconf 86' lang='lat' dir='ltr'>et</span> <span class='ocrx_word' id='word_1_168' title='bbox 2592 2832 2814 2884; x_wconf 88' lang='lat' dir='ltr'>fibulam</span> 
     </span>
     <span class='ocr_line' id='line_1_23' title="bbox 542 2915 2814 2986; baseline -0.004 -7"><span class='ocrx_word' id='word_1_169' title='bbox 542 2945 610 2979; x_wconf 86' lang='lat' dir='ltr'>ex</span> <span class='ocrx_word' id='word_1_170' title='bbox 658 2941 792 2978; x_wconf 87' lang='lat' dir='ltr'>auro</span> <span class='ocrx_word' id='word_1_171' title='bbox 840 2925 988 2977; x_wconf 87' lang='lat' dir='ltr'>facta</span> <span class='ocrx_word' id='word_1_172' title='bbox 1024 2920 1127 2985; x_wconf 83' lang='lat' dir='ltr'>(ita</span> <span class='ocrx_word' id='word_1_173' title='bbox 1162 2920 1232 2986; x_wconf 90' lang='lat' dir='ltr'>F,</span> <span class='ocrx_word' id='word_1_174' title='bbox 1283 2920 1485 2973; x_wconf 86' lang='lat' dir='ltr'>factam</span> <span class='ocrx_word' id='word_1_175' title='bbox 1536 2919 1584 2969; x_wconf 92' lang='lat' dir='ltr'><em>T</em></span> <span class='ocrx_word' id='word_1_176' title='bbox 1615 2926 1664 2970; x_wconf 80' lang='lat' dir='ltr'>et</span> <span class='ocrx_word' id='word_1_177' title='bbox 1702 2918 1957 2981; x_wconf 80' lang='lat' dir='ltr'>Ambros)</span> <span class='ocrx_word' id='word_1_178' title='bbox 1996 2922 2384 2970; x_wconf 89' lang='lat' dir='ltr'>commemorat</span> <span class='ocrx_word' id='word_1_179' title='bbox 2433 2917 2664 2969; x_wconf 91' lang='lat' dir='ltr'>dicendo</span> <span class='ocrx_word' id='word_1_180' title='bbox 2712 2915 2814 2969; x_wconf 90' lang='lat' dir='ltr'>‘cui</span> 
     </span>
     <span class='ocr_line' id='line_1_24' title="bbox 543 3006 2813 3079; baseline -0.004 -15"><span class='ocrx_word' id='word_1_181' title='bbox 543 3014 808 3079; x_wconf 87' lang='lat' dir='ltr'>pharetra</span> <span class='ocrx_word' id='word_1_182' title='bbox 847 3026 916 3060; x_wconf 84' lang='lat' dir='ltr'>ex</span> <span class='ocrx_word' id='word_1_183' title='bbox 952 3024 1117 3071; x_wconf 89' lang='lat' dir='ltr'>auro,</span> <span class='ocrx_word' id='word_1_184' title='bbox 1171 3007 1350 3059; x_wconf 88' lang='lat' dir='ltr'>crines</span> <span class='ocrx_word' id='word_1_185' title='bbox 1388 3006 1661 3059; x_wconf 87' lang='lat' dir='ltr'>nodantur</span> <span class='ocrx_word' id='word_1_186' title='bbox 1698 3007 1755 3056; x_wconf 91' lang='lat' dir='ltr'>in</span> <span class='ocrx_word' id='word_1_187' title='bbox 1793 3006 2019 3070; x_wconf 85' lang='lat' dir='ltr'>aurum&#39;,</span> <span class='ocrx_word' id='word_1_188' title='bbox 2072 3006 2218 3074; x_wconf 90' lang='lat' dir='ltr'>quod</span> <span class='ocrx_word' id='word_1_189' title='bbox 2255 3006 2311 3057; x_wconf 92' lang='lat' dir='ltr'>in</span> <span class='ocrx_word' id='word_1_190' title='bbox 2348 3006 2592 3058; x_wconf 85' lang='lat' dir='ltr'>arculum</span> <span class='ocrx_word' id='word_1_191' title='bbox 2629 3008 2813 3072; x_wconf 92' lang='lat' dir='ltr'>potest</span> 
     </span>
     <span class='ocr_line' id='line_1_25' title="bbox 542 3092 2816 3161; baseline -0.003 -12"><span class='ocrx_word' id='word_1_192' title='bbox 542 3097 770 3149; x_wconf 84' lang='lat' dir='ltr'>referri:</span> <span class='ocrx_word' id='word_1_193' title='bbox 814 3112 940 3147; x_wconf 91' lang='lat' dir='ltr'>nam</span> <span class='ocrx_word' id='word_1_194' title='bbox 977 3094 1043 3145; x_wconf 89' lang='lat' dir='ltr'>de</span> <span class='ocrx_word' id='word_1_195' title='bbox 1079 3094 1247 3145; x_wconf 92' lang='lat' dir='ltr'>fibula</span> <span class='ocrx_word' id='word_1_196' title='bbox 1282 3093 1637 3144; x_wconf 84' lang='lat' dir='ltr'>manifestum</span> <span class='ocrx_word' id='word_1_197' title='bbox 1676 3095 1779 3156; x_wconf 87' lang='lat' dir='ltr'>est,</span> <span class='ocrx_word' id='word_1_198' title='bbox 1826 3108 1946 3144; x_wconf 90' lang='lat' dir='ltr'>cum</span> <span class='ocrx_word' id='word_1_199' title='bbox 1980 3092 2059 3145; x_wconf 90' lang='lat' dir='ltr'>ait</span> <span class='ocrx_word' id='word_1_200' title='bbox 2096 3097 2282 3145; x_wconf 85' lang='lat' dir='ltr'>&#39;aurea</span> <span class='ocrx_word' id='word_1_201' title='bbox 2318 3108 2651 3161; x_wconf 86' lang='lat' dir='ltr'>purpuream</span> <span class='ocrx_word' id='word_1_202' title='bbox 2689 3092 2816 3143; x_wconf 88' lang='lat' dir='ltr'>sub-</span> 
     </span>
     <span class='ocr_line' id='line_1_26' title="bbox 543 3177 2812 3247; baseline -0.003 -11"><span class='ocrx_word' id='word_1_203' title='bbox 543 3184 713 3236; x_wconf 91' lang='lat' dir='ltr'>nectit</span> <span class='ocrx_word' id='word_1_204' title='bbox 760 3182 928 3234; x_wconf 86' lang='lat' dir='ltr'>fibula</span> <span class='ocrx_word' id='word_1_205' title='bbox 975 3180 1219 3232; x_wconf 80' lang='lat' dir='ltr'>vestem&#39;.</span> <span class='ocrx_word' id='word_1_206' title='bbox 1290 3177 1594 3231; x_wconf 85' lang='lat' dir='ltr'>‘subnectit’</span> <span class='ocrx_word' id='word_1_207' title='bbox 1635 3182 1818 3230; x_wconf 86' lang='lat' dir='ltr'>autem</span> <span class='ocrx_word' id='word_1_208' title='bbox 1856 3179 1984 3246; x_wconf 90' lang='lat' dir='ltr'>quid</span> <span class='ocrx_word' id='word_1_209' title='bbox 2021 3179 2171 3231; x_wconf 90' lang='lat' dir='ltr'>aliud</span> <span class='ocrx_word' id='word_1_210' title='bbox 2220 3183 2335 3245; x_wconf 84' lang='lat' dir='ltr'>est,</span> <span class='ocrx_word' id='word_1_211' title='bbox 2385 3196 2546 3247; x_wconf 89' lang='lat' dir='ltr'>quam</span> <span class='ocrx_word' id='word_1_212' title='bbox 2598 3194 2812 3231; x_wconf 89' lang='lat' dir='ltr'>sursum</span> 
     </span>
     <span class='ocr_line' id='line_1_27' title="bbox 542 3265 2814 3335; baseline -0.001 -15"><span class='ocrx_word' id='word_1_213' title='bbox 542 3270 713 3322; x_wconf 89' lang='lat' dir='ltr'>nectit</span> <span class='ocrx_word' id='word_1_214' title='bbox 749 3284 815 3320; x_wconf 87' lang='lat' dir='ltr'>ac</span> <span class='ocrx_word' id='word_1_215' title='bbox 851 3284 951 3335; x_wconf 91' lang='lat' dir='ltr'>per</span> <span class='ocrx_word' id='word_1_216' title='bbox 989 3269 1093 3319; x_wconf 89' lang='lat' dir='ltr'>hoc</span> <span class='ocrx_word' id='word_1_217' title='bbox 1130 3266 1463 3319; x_wconf 82' lang='lat' dir='ltr'>succinctam</span> <span class='ocrx_word' id='word_1_218' title='bbox 1500 3265 1674 3318; x_wconf 77' lang='lat' dir='ltr'>facit?</span> <span class='ocrx_word' id='word_1_219' title='bbox 1738 3266 1979 3317; x_wconf 82' lang='lat' dir='ltr'>‘vestem&#39;</span> <span class='ocrx_word' id='word_1_220' title='bbox 2020 3282 2149 3318; x_wconf 86' lang='lat' dir='ltr'>vero</span> <span class='ocrx_word' id='word_1_221' title='bbox 2187 3282 2476 3333; x_wconf 88' lang='lat' dir='ltr'>possumus</span> <span class='ocrx_word' id='word_1_222' title='bbox 2514 3266 2683 3318; x_wconf 88' lang='lat' dir='ltr'>ricam</span> <span class='ocrx_word' id='word_1_223' title='bbox 2722 3282 2814 3319; x_wconf 90' lang='lat' dir='ltr'>ac-</span> 
     </span>
     <span class='ocr_line' id='line_1_28' title="bbox 544 3350 2815 3424; baseline -0.002 -18"><span class='ocrx_word' id='word_1_224' title='bbox 544 3356 747 3424; x_wconf 83' lang='lat' dir='ltr'>cipere,</span> <span class='ocrx_word' id='word_1_225' title='bbox 786 3354 914 3421; x_wconf 88' lang='lat' dir='ltr'>quia</span> <span class='ocrx_word' id='word_1_226' title='bbox 949 3353 1065 3404; x_wconf 88' lang='lat' dir='ltr'>rica</span> <span class='ocrx_word' id='word_1_227' title='bbox 1103 3367 1276 3419; x_wconf 85' lang='lat' dir='ltr'>genus</span> <span class='ocrx_word' id='word_1_228' title='bbox 1315 3356 1401 3404; x_wconf 91' lang='lat' dir='ltr'>est</span> <span class='ocrx_word' id='word_1_229' title='bbox 1438 3352 1624 3403; x_wconf 87' lang='lat' dir='ltr'>vestis.</span> <span class='ocrx_word' id='word_1_230' title='bbox 1699 3350 1980 3403; x_wconf 89' lang='lat' dir='ltr'>sciendum</span> <span class='ocrx_word' id='word_1_231' title='bbox 2018 3367 2170 3416; x_wconf 89' lang='lat' dir='ltr'>sane,</span> <span class='ocrx_word' id='word_1_232' title='bbox 2209 3352 2350 3403; x_wconf 88' lang='lat' dir='ltr'>sicut</span> <span class='ocrx_word' id='word_1_233' title='bbox 2385 3367 2555 3420; x_wconf 85' lang='lat' dir='ltr'>supra</span> <span class='ocrx_word' id='word_1_234' title='bbox 2593 3351 2815 3417; x_wconf 84' lang='lat' dir='ltr'>dictum,</span> 
     </span>
     <span class='ocr_line' id='line_1_29' title="bbox 542 3434 2817 3507; baseline -0.002 -15"><span class='ocrx_word' id='word_1_235' title='bbox 542 3440 742 3507; x_wconf 91' lang='lat' dir='ltr'>ubique</span> <span class='ocrx_word' id='word_1_236' title='bbox 778 3439 1046 3490; x_wconf 87' lang='lat' dir='ltr'>Didonem</span> <span class='ocrx_word' id='word_1_237' title='bbox 1083 3437 1410 3489; x_wconf 87' lang='lat' dir='ltr'>flaminicam</span> <span class='ocrx_word' id='word_1_238' title='bbox 1448 3437 1679 3489; x_wconf 86' lang='lat' dir='ltr'>ostendi.</span> <span class='ocrx_word' id='word_1_239' title='bbox 1742 3438 1923 3489; x_wconf 84' lang='lat' dir='ltr'>Varro</span> <span class='ocrx_word' id='word_1_240' title='bbox 1960 3438 1995 3488; x_wconf 93' lang='lat' dir='ltr'>l.</span> <span class='ocrx_word' id='word_1_241' title='bbox 2035 3438 2070 3489; x_wconf 91' lang='lat' dir='ltr'>l.</span> <span class='ocrx_word' id='word_1_242' title='bbox 2096 3438 2147 3489; x_wconf 82' lang='lat' dir='ltr'><strong>V</strong></span> <span class='ocrx_word' id='word_1_243' title='bbox 2180 3434 2277 3488; x_wconf 82' lang='lat'>130</span> <span class='ocrx_word' id='word_1_244' title='bbox 2314 3436 2392 3488; x_wconf 89' lang='lat' dir='ltr'>sic</span> <span class='ocrx_word' id='word_1_245' title='bbox 2429 3437 2546 3489; x_wconf 90' lang='lat' dir='ltr'>rica</span> <span class='ocrx_word' id='word_1_246' title='bbox 2582 3438 2650 3488; x_wconf 87' lang='lat' dir='ltr'>ab</span> <span class='ocrx_word' id='word_1_247' title='bbox 2689 3437 2817 3501; x_wconf 88' lang='lat' dir='ltr'>ritu,</span> 
     </span>
     <span class='ocr_line' id='line_1_30' title="bbox 541 3523 2812 3593; baseline -0.001 -16"><span class='ocrx_word' id='word_1_248' title='bbox 541 3525 684 3593; x_wconf 92' lang='lat' dir='ltr'>quod</span> <span class='ocrx_word' id='word_1_249' title='bbox 740 3541 965 3577; x_wconf 88' lang='lat' dir='ltr'>romano</span> <span class='ocrx_word' id='word_1_250' title='bbox 1002 3524 1114 3576; x_wconf 84' lang='lat' dir='ltr'>ritu</span> <span class='ocrx_word' id='word_1_251' title='bbox 1152 3523 1478 3575; x_wconf 87' lang='lat' dir='ltr'>sacrificium</span> <span class='ocrx_word' id='word_1_252' title='bbox 1516 3523 1914 3575; x_wconf 80' lang='lat' dir='ltr'>feminae‘cum</span> <span class='ocrx_word' id='word_1_253' title='bbox 1968 3523 2210 3588; x_wconf 84' lang='lat' dir='ltr'>faciunt,</span> <span class='ocrx_word' id='word_1_254' title='bbox 2263 3524 2448 3591; x_wconf 87' lang='lat' dir='ltr'>capita</span> <span class='ocrx_word' id='word_1_255' title='bbox 2499 3523 2703 3575; x_wconf 80' lang='lat' dir='ltr'>velant.</span> <span class='ocrx_word' id='word_1_256' title='bbox 2741 3524 2812 3590; x_wconf 85' lang='lat' dir='ltr'>cs.</span> 
     </span>
     <span class='ocr_line' id='line_1_31' title="bbox 539 3609 2814 3679; baseline -0.001 -16"><span class='ocrx_word' id='word_1_257' title='bbox 539 3612 694 3663; x_wconf 89' lang='lat' dir='ltr'>Paul.</span> <span class='ocrx_word' id='word_1_258' title='bbox 732 3628 786 3679; x_wconf 88' lang='lat' dir='ltr'>p.</span> <span class='ocrx_word' id='word_1_259' title='bbox 830 3610 892 3662; x_wconf 84' lang='lat'>16</span> <span class='ocrx_word' id='word_1_260' title='bbox 929 3610 1171 3664; x_wconf 88' lang='lat' dir='ltr'>arculum</span> <span class='ocrx_word' id='word_1_261' title='bbox 1211 3609 1568 3676; x_wconf 87' lang='lat' dir='ltr'>appellabant</span> <span class='ocrx_word' id='word_1_262' title='bbox 1604 3609 1899 3674; x_wconf 84' lang='lat' dir='ltr'>circulum,</span> <span class='ocrx_word' id='word_1_263' title='bbox 1947 3625 2105 3676; x_wconf 90' lang='lat' dir='ltr'>quem</span> <span class='ocrx_word' id='word_1_264' title='bbox 2146 3609 2314 3676; x_wconf 90' lang='lat' dir='ltr'>capiti</span> <span class='ocrx_word' id='word_1_265' title='bbox 2351 3610 2707 3676; x_wconf 85' lang='lat' dir='ltr'>imponebant</span> <span class='ocrx_word' id='word_1_266' title='bbox 2743 3609 2814 3661; x_wconf 90' lang='lat' dir='ltr'>ad</span> 
     </span>
     <span class='ocr_line' id='line_1_32' title="bbox 541 3694 2811 3762; baseline -0.001 -14"><span class='ocrx_word' id='word_1_267' title='bbox 541 3696 860 3750; x_wconf 85' lang='lat' dir='ltr'>sustinenda</span> <span class='ocrx_word' id='word_1_268' title='bbox 897 3695 1230 3748; x_wconf 87' lang='lat' dir='ltr'>commodius</span> <span class='ocrx_word' id='word_1_269' title='bbox 1268 3711 1421 3760; x_wconf 82' lang='lat' dir='ltr'>vasa,</span> <span class='ocrx_word' id='word_1_270' title='bbox 1458 3710 1598 3761; x_wconf 89' lang='lat' dir='ltr'>quae</span> <span class='ocrx_word' id='word_1_271' title='bbox 1639 3694 1710 3747; x_wconf 90' lang='lat' dir='ltr'>ad</span> <span class='ocrx_word' id='word_1_272' title='bbox 1748 3710 1908 3746; x_wconf 86' lang='lat' dir='ltr'>sacra</span> <span class='ocrx_word' id='word_1_273' title='bbox 1944 3695 2164 3761; x_wconf 87' lang='lat' dir='ltr'>publica</span> <span class='ocrx_word' id='word_1_274' title='bbox 2202 3695 2384 3761; x_wconf 88' lang='lat' dir='ltr'>capite</span> <span class='ocrx_word' id='word_1_275' title='bbox 2434 3695 2811 3762; x_wconf 87' lang='lat' dir='ltr'>portabantur.</span> 
     </span>
     <span class='ocr_line' id='line_1_33' title="bbox 542 3780 2811 3852; baseline -0.001 -18"><span class='ocrx_word' id='word_1_276' title='bbox 542 3784 695 3836; x_wconf 89' lang='lat' dir='ltr'>Paul.</span> <span class='ocrx_word' id='word_1_277' title='bbox 733 3801 788 3852; x_wconf 91' lang='lat' dir='ltr'>p.</span> <span class='ocrx_word' id='word_1_278' title='bbox 824 3781 928 3835; x_wconf 80' lang='lat'>288</span> <span class='ocrx_word' id='word_1_279' title='bbox 963 3783 1080 3834; x_wconf 87' lang='lat' dir='ltr'>rica</span> <span class='ocrx_word' id='word_1_280' title='bbox 1131 3784 1214 3833; x_wconf 91' lang='lat' dir='ltr'>est</span> <span class='ocrx_word' id='word_1_281' title='bbox 1270 3781 1652 3832; x_wconf 87' lang='lat' dir='ltr'>vestimentum</span> <span class='ocrx_word' id='word_1_282' title='bbox 1701 3780 2029 3848; x_wconf 86' lang='lat' dir='ltr'>quadratum</span> <span class='ocrx_word' id='word_1_283' title='bbox 2079 3781 2408 3833; x_wconf 89' lang='lat' dir='ltr'>fimbriatum</span> <span class='ocrx_word' id='word_1_284' title='bbox 2459 3797 2811 3848; x_wconf 84' lang='lat' dir='ltr'>purpureum,</span> 
     </span>
     <span class='ocr_line' id='line_1_34' title="bbox 540 3867 2815 3938; baseline -0.002 -16"><span class='ocrx_word' id='word_1_285' title='bbox 540 3886 645 3938; x_wconf 90' lang='lat' dir='ltr'>quo</span> <span class='ocrx_word' id='word_1_286' title='bbox 693 3870 1000 3922; x_wconf 88' lang='lat' dir='ltr'>flaminicae</span> <span class='ocrx_word' id='word_1_287' title='bbox 1049 3884 1150 3936; x_wconf 88' lang='lat' dir='ltr'>pro</span> <span class='ocrx_word' id='word_1_288' title='bbox 1202 3867 1427 3935; x_wconf 92' lang='lat' dir='ltr'>palliolo</span> <span class='ocrx_word' id='word_1_289' title='bbox 1479 3868 1788 3920; x_wconf 84' lang='lat' dir='ltr'>utebantur.</span> <span class='ocrx_word' id='word_1_290' title='bbox 1863 3868 1957 3919; x_wconf 89' lang='lat' dir='ltr'>alii</span> <span class='ocrx_word' id='word_1_291' title='bbox 1998 3867 2213 3933; x_wconf 90' lang='lat' dir='ltr'>dicunt,</span> <span class='ocrx_word' id='word_1_292' title='bbox 2269 3867 2413 3935; x_wconf 90' lang='lat' dir='ltr'>quod</span> <span class='ocrx_word' id='word_1_293' title='bbox 2450 3884 2517 3919; x_wconf 88' lang='lat' dir='ltr'>ex</span> <span class='ocrx_word' id='word_1_294' title='bbox 2554 3867 2683 3920; x_wconf 89' lang='lat' dir='ltr'>lana</span> <span class='ocrx_word' id='word_1_295' title='bbox 2717 3867 2815 3920; x_wconf 86' lang='lat' dir='ltr'>fiat</span> 
     </span>
    </p>
   </div>
   <div class='ocr_carea' id='block_1_7' title="bbox 537 4057 2816 4560">
    <p class='ocr_par' dir='ltr' id='par_1_7' title="bbox 537 4057 2816 4560">
     <span class='ocr_line' id='line_1_35' title="bbox 745 4057 2814 4123; baseline -0.001 -10"><span class='ocrx_word' id='word_1_296' title='bbox 745 4065 763 4098; x_wconf 85' lang='lat'><strong>¹</strong></span> <span class='ocrx_word' id='word_1_297' title='bbox 803 4060 1102 4114; x_wconf 85' lang='lat' dir='ltr'>escendere</span> <span class='ocrx_word' id='word_1_298' title='bbox 1150 4060 1237 4112; x_wconf 81' lang='lat' dir='ltr'>lib.</span> <span class='ocrx_word' id='word_1_299' title='bbox 1280 4059 1343 4110; x_wconf 88' lang='lat' dir='ltr'>P.</span> <span class='ocrx_word' id='word_1_300' title='bbox 1379 4060 1640 4111; x_wconf 77' lang='lat' dir='ltr'>Danielis</span> <span class='ocrx_word' id='word_1_301' title='bbox 1694 4058 2027 4123; x_wconf 68' lang='lat' dir='ltr'>eascendere</span> <span class='ocrx_word' id='word_1_302' title='bbox 2079 4058 2140 4109; x_wconf 90' lang='lat' dir='ltr'><em>X</em></span> <span class='ocrx_word' id='word_1_303' title='bbox 2182 4074 2276 4110; x_wconf 86' lang='lat' dir='ltr'>eas</span> <span class='ocrx_word' id='word_1_304' title='bbox 2334 4057 2632 4110; x_wconf 83' lang='lat' dir='ltr'>escendere</span> <span class='ocrx_word' id='word_1_305' title='bbox 2672 4058 2814 4110; x_wconf 91' lang='grc' dir='ltr'>ΖΝΟ</span> 
     </span>
     <span class='ocr_line' id='line_1_36' title="bbox 541 4143 2814 4211; baseline -0.001 -12"><span class='ocrx_word' id='word_1_306' title='bbox 541 4164 634 4199; x_wconf 87' lang='lat' dir='ltr'>eas</span> <span class='ocrx_word' id='word_1_307' title='bbox 662 4148 963 4200; x_wconf 85' lang='lat' dir='ltr'>ascendere</span> <span class='ocrx_word' id='word_1_308' title='bbox 992 4146 1089 4210; x_wconf 70' lang='grc' dir='ltr'>ΟΒ</span> <span class='ocrx_word' id='word_1_309' title='bbox 1103 4145 1209 4196; x_wconf 82' lang='grc' dir='ltr'>ΤΥ</span> <span class='ocrx_word' id='word_1_310' title='bbox 1230 4145 1495 4197; x_wconf 87' lang='lat' dir='ltr'>scandere</span> <span class='ocrx_word' id='word_1_311' title='bbox 1522 4152 1583 4197; x_wconf 92' lang='grc' dir='ltr'><em>Π</em></span> <span class='ocrx_word' id='word_1_312' title='bbox 1651 4144 1672 4179; x_wconf 80' lang='lat'><em>²</em></span> <span class='ocrx_word' id='word_1_313' title='bbox 1708 4145 1886 4211; x_wconf 86' lang='lat' dir='ltr'>rigam</span> <span class='ocrx_word' id='word_1_314' title='bbox 1911 4143 2026 4195; x_wconf 90' lang='lat' dir='ltr'>FT</span> <span class='ocrx_word' id='word_1_315' title='bbox 2081 4148 2406 4196; x_wconf 87' lang='lat' dir='ltr'>uenenatam</span> <span class='ocrx_word' id='word_1_316' title='bbox 2443 4143 2492 4194; x_wconf 88' lang='grc' dir='ltr'><em>Τ</em></span> <span class='ocrx_word' id='word_1_317' title='bbox 2560 4143 2580 4178; x_wconf 80' lang='lat'>³</span> <span class='ocrx_word' id='word_1_318' title='bbox 2604 4144 2814 4196; x_wconf 89' lang='lat' dir='ltr'>Punica</span> 
     </span>
     <span class='ocr_line' id='line_1_37' title="bbox 538 4230 2814 4301; baseline -0.001 -17"><span class='ocrx_word' id='word_1_319' title='bbox 538 4248 665 4284; x_wconf 84' lang='lat' dir='ltr'>corr</span> <span class='ocrx_word' id='word_1_320' title='bbox 702 4234 1056 4301; x_wconf 77' lang='lat' dir='ltr'>Marquardt‚</span> <span class='ocrx_word' id='word_1_321' title='bbox 1116 4233 1297 4284; x_wconf 86' lang='lat' dir='ltr'>Roem.</span> <span class='ocrx_word' id='word_1_322' title='bbox 1342 4232 1687 4284; x_wconf 75' lang='lat' dir='ltr'>Staatsverw.</span> <span class='ocrx_word' id='word_1_323' title='bbox 1730 4230 1847 4280; x_wconf 95' lang='lat' dir='ltr'>III</span> <span class='ocrx_word' id='word_1_324' title='bbox 1889 4247 1945 4297; x_wconf 82' lang='lat' dir='ltr'>p.</span> <span class='ocrx_word' id='word_1_325' title='bbox 1982 4232 2091 4281; x_wconf 86' lang='grc'>318</span> <span class='ocrx_word' id='word_1_326' title='bbox 2144 4232 2270 4282; x_wconf 78' lang='lat' dir='ltr'>adn.</span> <span class='ocrx_word' id='word_1_327' title='bbox 2316 4234 2381 4280; x_wconf 89' lang='lat'>16</span> <span class='ocrx_word' id='word_1_328' title='bbox 2433 4231 2630 4298; x_wconf 90' lang='lat' dir='ltr'>punico</span> <span class='ocrx_word' id='word_1_329' title='bbox 2678 4231 2814 4282; x_wconf 80' lang='lat' dir='ltr'>codd</span> 
     </span>
     <span class='ocr_line' id='line_1_38' title="bbox 538 4314 2816 4385; baseline -0.002 -13"><span class='ocrx_word' id='word_1_330' title='bbox 538 4321 561 4356; x_wconf 84' lang='lat'><strong>⁴</strong></span> <span class='ocrx_word' id='word_1_331' title='bbox 595 4321 656 4372; x_wconf 93' lang='lat' dir='ltr'>fit</span> <span class='ocrx_word' id='word_1_332' title='bbox 704 4321 753 4372; x_wconf 82' lang='lat' dir='ltr'><em>T</em></span> <span class='ocrx_word' id='word_1_333' title='bbox 784 4322 857 4372; x_wconf 89' lang='lat' dir='ltr'>sit</span> <span class='ocrx_word' id='word_1_334' title='bbox 892 4320 947 4370; x_wconf 91' lang='lat' dir='ltr'><em>F</em></span> <span class='ocrx_word' id='word_1_335' title='bbox 979 4327 1027 4370; x_wconf 79' lang='lat' dir='ltr'>et</span> <span class='ocrx_word' id='word_1_336' title='bbox 1061 4320 1296 4371; x_wconf 80' lang='lat' dir='ltr'>Ambros</span> <span class='ocrx_word' id='word_1_337' title='bbox 1366 4318 1388 4352; x_wconf 80' lang='lat'><strong>⁶</strong></span> <span class='ocrx_word' id='word_1_338' title='bbox 1424 4315 1612 4385; x_wconf 88' lang='lat' dir='ltr'>quam]</span> <span class='ocrx_word' id='word_1_339' title='bbox 1639 4317 1785 4385; x_wconf 91' lang='lat' dir='ltr'>quod</span> <span class='ocrx_word' id='word_1_340' title='bbox 1810 4316 2042 4369; x_wconf 84' lang='lat' dir='ltr'>Ambros</span> <span class='ocrx_word' id='word_1_341' title='bbox 2102 4314 2367 4382; x_wconf 84' lang='lat' dir='ltr'>habebat]</span> <span class='ocrx_word' id='word_1_342' title='bbox 2404 4317 2484 4368; x_wconf 85' lang='lat' dir='ltr'>uti</span> <span class='ocrx_word' id='word_1_343' title='bbox 2520 4318 2727 4369; x_wconf 88' lang='lat' dir='ltr'>habeat</span> <span class='ocrx_word' id='word_1_344' title='bbox 2760 4317 2816 4367; x_wconf 90' lang='lat' dir='ltr'><em>F</em></span> 
     </span>
     <span class='ocr_line' id='line_1_39' title="bbox 538 4403 2810 4469; baseline -0.002 -10"><span class='ocrx_word' id='word_1_345' title='bbox 538 4408 557 4441; x_wconf 81' lang='lat'>&#39;¹</span> <span class='ocrx_word' id='word_1_346' title='bbox 594 4406 869 4459; x_wconf 89' lang='lat' dir='ltr'>flaminica</span> <span class='ocrx_word' id='word_1_347' title='bbox 905 4444 917 4456; x_wconf 92' lang='lat'>.</span> <span class='ocrx_word' id='word_1_348' title='bbox 958 4445 970 4458; x_wconf 89' lang='lat'>.</span> <span class='ocrx_word' id='word_1_349' title='bbox 1010 4443 1022 4456; x_wconf 93' lang='lat'>.</span> <span class='ocrx_word' id='word_1_350' title='bbox 1061 4404 1297 4457; x_wconf 90' lang='lat' dir='ltr'>debebat</span> <span class='ocrx_word' id='word_1_351' title='bbox 1330 4420 1415 4456; x_wconf 91' lang='lat' dir='ltr'>om</span> <span class='ocrx_word' id='word_1_352' title='bbox 1452 4405 1508 4455; x_wconf 90' lang='lat' dir='ltr'><em>F</em></span> <span class='ocrx_word' id='word_1_353' title='bbox 1588 4406 1629 4440; x_wconf 90' lang='lat'>¹¹</span> <span class='ocrx_word' id='word_1_354' title='bbox 1658 4404 1912 4469; x_wconf 78' lang='lat' dir='ltr'>fortasse</span> <span class='ocrx_word' id='word_1_355' title='bbox 1947 4408 2008 4456; x_wconf 90' lang='lat' dir='ltr'>ut</span> <span class='ocrx_word' id='word_1_356' title='bbox 2044 4404 2280 4457; x_wconf 85' lang='lat' dir='ltr'>Granius</span> <span class='ocrx_word' id='word_1_357' title='bbox 2316 4404 2390 4469; x_wconf 87' lang='lat' dir='ltr'>cf.</span> <span class='ocrx_word' id='word_1_358' title='bbox 2429 4403 2574 4454; x_wconf 84' lang='lat' dir='ltr'>Fest.</span> <span class='ocrx_word' id='word_1_359' title='bbox 2609 4420 2669 4469; x_wconf 79' lang='lat' dir='ltr'>p.</span> <span class='ocrx_word' id='word_1_360' title='bbox 2705 4405 2810 4454; x_wconf 85' lang='lat'>277</span> 
     </span>
     <span class='ocr_line' id='line_1_40' title="bbox 537 4487 2465 4560; baseline -0.004 -15"><span class='ocrx_word' id='word_1_361' title='bbox 537 4489 764 4560; x_wconf 82' lang='lat' dir='ltr'>Titi[us]</span> <span class='ocrx_word' id='word_1_362' title='bbox 803 4492 1035 4544; x_wconf 81' lang='lat' dir='ltr'>Mueller</span> <span class='ocrx_word' id='word_1_363' title='bbox 1072 4487 1356 4557; x_wconf 84' lang='lat' dir='ltr'>Titi[nius]</span> <span class='ocrx_word' id='word_1_364' title='bbox 1407 4491 1645 4543; x_wconf 79' lang='lat' dir='ltr'>Ursinus</span> <span class='ocrx_word' id='word_1_365' title='bbox 2461 4504 2465 4508; x_wconf 55' lang='lat'><strong>⁴</strong></span> 
     </span>
    </p>
   </div>
   <div class='ocr_carea' id='block_1_8' title="bbox 2857 1900 2992 1949">
    <p class='ocr_par' dir='ltr' id='par_1_8' title="bbox 2857 1900 2992 1949">
     <span class='ocr_line' id='line_1_41' title="bbox 2857 1900 2992 1949; baseline 0.052 -7"><span class='ocrx_word' id='word_1_366' title='bbox 2857 1900 2992 1949; x_wconf 87' lang='lat'>10.</span> 
     </span>
    </p>
   </div>
  </div>
 </body>
</html>
