3407 5226
2737 480 2815 542 21

540 673 812 733 διελθεῖν
857 663 1309 747 ἀναδενδράδος
1353 662 1601 729 ἄνωθεν
1646 665 2124 750 διατεταμένηςς
2196 667 2431 731 Fabius
2480 690 2672 735 vero:
2741 718 2755 733 .
2808 722 2822 736 .

537 773 941 836 hederam
1014 778 1070 834 et
1128 771 1359 854 fabam
1430 790 1621 855 neque
1697 777 1957 853 tanqere
2024 770 2212 835 Diali
2280 792 2411 836 mos
2479 780 2568 836 est
2634 795 2826 859 neque

540 879 887 941 nominare.
975 876 1501 959 propayines
1546 897 1576 939 e
1618 874 1938 939 vitibus
2008 877 2277 940 altius
2328 884 2824 958 praetentas

539 1000 663 1043 non
709 980 985 1043 succedit
1001 1001 1026 1061 ;
1072 979 1457 1042 Plutarchus
1498 999 1550 1041 c.
1586 980 1699 1041 50:
1750 976 1843 1040 διοέ
1889 979 1953 1040 τί
1994 976 2028 1042 ό
2075 978 2273 1063 ἱερεύς
2321 985 2430 1043 τοῦ
2479 979 2623 1057 Διός
2669 978 2819 1045 ἀπο-

541 1080 858 1164 θανούσης
888 1081 1061 1170 atita?
1107 1088 1217 1160 τῆς
1264 1079 1543 1163 γυναικός
1588 1079 1918 1144 ἀπετίθετο
1953 1080 2070 1159 τήν
2106 1079 2344 1165 ἀρχήνς
2385 1133 2398 1146 .
2440 1133 2451 1146 .
2487 1079 2644 1147 ὅθεν
2689 1080 2821 1148 οὐδ’

540 1184 1047 1270 ἀπυπέμψασθαι
1096 1182 1398 1271 πρότερον
1442 1187 1583 1268 ἔξῆν
1629 1206 1684 1249 e.
1722 1207 1781 1269 q.
1814 1208 1884 1260 s.‚
1931 1184 2210 1250 Fabius:
2257 1190 2519 1250 uxorem
2563 1188 2622 1251 si
2667 1189 2822 1252 ami-

538 1293 638 1370 sit,
673 1290 980 1372 flamonio
1027 1290 1304 1370 decedit;
1348 1290 1823 1352 matrimonium
1860 1289 2148 1367 flaminis
2191 1290 2321 1352 nisi
2364 1296 2559 1353 morte
2604 1290 2825 1353 dirimi

536 1396 639 1457 ius
682 1414 810 1456 non
855 1400 962 1457 est.
1030 1391 1244 1477 itaque
1292 1392 1388 1456 his
1435 1394 1591 1456 locis
1638 1397 1928 1476 apertum
1977 1398 2074 1455 est
2106 1393 2365 1455 Ateium
2414 1394 2474 1455 in
2523 1413 2823 1479 praecep-

446 1572 449 1577 >
538 1496 616 1558 tis
664 1496 1072 1580 disponendis
1135 1496 1410 1560 eundem
1468 1516 1762 1561 servasse
1826 1496 2132 1578 ordinem,
2182 1497 2290 1580 qui
2334 1497 2399 1560 in
2445 1496 2603 1560 Fabi
2649 1496 2820 1581 frag-

538 1606 755 1677 mento
794 1601 1174 1685 conspicuus
1207 1607 1325 1665 est.
1387 1623 1468 1666 ne
1504 1602 1735 1684 longus
1781 1600 1931 1665 sim:
1982 1601 2319 1685 exscripsit
2345 1599 2566 1663 Ateius
2597 1599 2821 1684 Capito

538 1703 701 1768 Fabi
747 1703 974 1767 librum
1023 1704 1102 1768 de
1148 1705 1285 1768 iure
1331 1704 1656 1789 pontificio
1693 1705 1983 1787 primum,
2031 1705 2167 1788 ipse
2199 1727 2237 1767 a
2268 1704 2551 1770 Masurio
2586 1703 2822 1768 Sabino

539 1805 850 1891 discipulo
901 1809 1218 1891 expilatus
1267 1816 1398 1891 est,
1459 1809 1568 1892 qui
1614 1808 1779 1871 Fabi
1845 1829 2068 1873 nomen
2137 1809 2434 1903 retinuit2
2489 1809 2819 1893 Capitonis

538 1910 766 1974 omisit.
828 1913 956 1974 iam
1003 1934 1154 1976 vero
1204 1914 1550 1996 quaeritur,
1599 1912 1923 1997 quomodo
1973 1919 2275 1997 quattuor
2304 1914 2407 1975 isti
2438 1912 2558 1975 loci
2593 1911 2819 1995 quibus

536 2013 952 2078 Plutarchum
996 2037 1035 2079 a
1082 2016 1284 2081 Fabio
1333 2017 1676 2080 dissentire
1727 2016 2074 2096 affirmavi,
2139 2037 2282 2079 cum
2331 2017 2452 2080 hac
2496 2016 2819 2079 sententia

538 2118 856 2181 conciliari
906 2118 1172 2203 possint.
1264 2120 1460 2184 habes
1494 2121 1796 2184 'locorum
1843 2126 2285 2204 conspectum:

622 2249 794 2313 Plut.
846 2270 897 2312 c.
954 2251 1065 2312 111
1135 2248 1251 2312 διδ
1320 2251 1572 2312 κλινί-

535 2356 709 2414 διον
750 2351 890 2431 μὲν
922 2350 1172 2416 avito&
1201 2354 1572 2433 κείμενον

532 2457 609 2518 ἐν
640 2461 745 2543 τῷ
769 2461 1071 2539 θυρῶνι
1110 2463 1250 2539 τῆς
1282 2457 1570 2534 οἰκίας;

535 2555 566 2621 ὁ
630 2558 699 2622 δὲ
761 2559 1117 2645 προςπεσεύν
1175 2568 1303 2638 τοῖς
1366 2560 1570 2643 γόνασι

533 2661 647 2745 τήν
726 2660 966 2744 ἡμέραν
1054 2667 1287 2748 ἐκείνην
1368 2663 1570 2729 ἄδειαν

532 2761 659 2847 εἶχε
704 2767 960 2849 πληγῶν
1003 2770 1100 2831 καὶ
1146 2767 1467 2845 κολάσεως.

618 2870 791 2933 Plut.
867 2892 918 2937 e.
992 2874 1107 2935 111
1189 2870 1291 2937 διοὶ
1366 2876 1427 2936 τί
1498 2873 1568 2937 δὲ

531 3000 564 3038 κ
585 3001 618 3037 υ
640 3001 669 3036 ν
691 2972 723 3037 ὁ
745 3001 773 3050 ς
853 2977 949 3037 καὶ
1039 2972 1213 3056 αἰγὸς
1299 2974 1570 3041 ἐκέλευον

531 3075 878 3158 ἀπέχεσθαι
945 3076 1053 3140 τόν
1125 3077 1295 3162 ἱερέα
1313 3129 1332 3156 ,
1405 3078 1568 3163 μήτε

532 3179 880 3260 ἁπτόμενον
935 3179 1084 3264 μήτ’
1148 3179 1531 3261 ὀνομάζοντα
1550 3210 1569 3260 ,·

617 3285 789 3349 Plut.
823 3304 873 3348 ο.
908 3288 990 3349 40
1037 3285 1132 3348 διοί
1178 3289 1241 3349 τί
1284 3292 1377 3373 τῷ
1420 3285 1576 3370 ἱερεῖ

532 3394 645 3451 τοῦ
738 3387 885 3465 Διός
971 3387 1078 3454 οὐκ
1184 3387 1416 3465 ἔξεστιν
1505 3392 1573 3453 ἐν

530 3489 828 3582 ὑπαίθρῳ
875 3492 1406 3578 ἆλείφεσθαι;

1871 2250 2029 2314 Fabi
2075 2250 2153 2314 fr.
2204 2250 2287 2312 24
2325 2249 2404 2312 h:
2450 2250 2507 2311 si
2550 2250 2690 2333 quis
2735 2249 2844 2313 ad-

1783 2354 2239 2418 verberamlum
2283 2354 2583 2434 ducatur,
2629 2355 2687 2417 si
2733 2353 2821 2416 ad

1781 2459 1962 2542 pedes
2010 2460 2141 2523 eius
2186 2459 2451 2541 supplex
2504 2457 2819 2540 procubu-

1782 2564 1930 2646 erit,
1976 2584 2041 2627 eo
2089 2562 2189 2626 die
2232 2561 2558 2627 verberari
2597 2562 2819 2645 piacu-

1780 2668 1913 2730 lum
1958 2674 2066 2733 est.

1866 2873 2027 2937 Fabi
2073 2874 2147 2939 fr.
2197 2874 2279 2937 24
2323 2875 2402 2938 k:
2452 2894 2719 2956 capram
2763 2883 2820 2938 et

1782 2999 2036 3042 earnem
2064 3028 2078 3043 .
2107 3027 2121 3043 .
2147 2999 2340 3063 neque
2360 2983 2618 3060 tanqere
2632 2977 2822 3043 Diali

1781 3102 1915 3146 mos
1960 3089 2049 3145 est
2093 3103 2283 3166 neque
2326 3082 2675 3146 nominare.

1868 3287 2034 3351 Fabi
2080 3287 2155 3353 fr.
2206 3289 2288 3352 24
2335 3308 2399 3350 r:
2459 3292 2677 3353 tunica
2720 3292 2816 3354 in·

1784 3394 1960 3475 tima,
2006 3394 2134 3456 nisi
2162 3394 2233 3455 in
2261 3383 2413 3457 locis
2451 3395 2644 3475 teeti-5,
2691 3415 2819 3458 non

1784 3497 1956 3560 exuit
1998 3517 2080 3561 se.

622 3639 795 3703 Plut.
845 3662 905 3724 q.
954 3660 1004 3705 r.
1058 3643 1180 3704 113
1245 3640 1350 3722 (fr.
1399 3641 1512 3723 23)
1574 3640 1675 3705 ὁιοὶ
1739 3642 1802 3704 τί
1858 3648 1984 3718 τοῖς
2044 3641 2273 3726 ἱερεῦσι
2332 3641 2571 3719 τούτοις
2616 3640 2821 3727 ἀρχήν

535 3739 641 3805 οὐκ
686 3744 895 3825 ἐφεῖτο
942 3744 1153 3824 λαβεῖν
1195 3741 1333 3807 οὐδὲ
1374 3746 1731 3823 μετελθεῖν.

742 3868 880 3910 cum
945 3847 1328 3912 Plutarchus
1382 3849 1709 3914 Romanos
1774 3851 2116 3934 scriptores
2197 3851 2261 3912 in
2344 3849 2818 3935 quaestionibus

532 3950 810 4014 romanis
893 3951 1368 4016 conscribendis
1438 3974 1566 4016 non
1634 3954 1871 4018 adiisse
1942 3953 2267 4017 videretur
2295 3955 2336 4029 1,
2409 3954 2601 4016 immo
2673 3974 2818 4016 eum

533 4053 734 4119 Iubae
797 4051 1172 4134 ὁμοιότητας
1232 4055 1598 4120 adhibuisse
1668 4058 1748 4120 ab
1803 4056 2076 4121 Alberto
2139 4056 2375 4139 Barth,
2445 4056 2548 4120 De
2613 4032 2818 4120 Iubae

533 4153 883 4241 ὁμοιότησιν
940 4180 979 4222 a
1038 4160 1387 4223 Plutarcho
1465 4160 1785 4244 expressis
1846 4162 1908 4223 in
1984 4159 2462 4245 quaestionibus
2538 4160 2817 4224 romanis

530 4266 595 4324 et
654 4262 719 4324 in
779 4262 1059 4326 Romulo
1134 4262 1478 4349 Numaque
1557 4263 1741 4346 (diss,
1798 4264 2087 4345 Gotting.
2148 4264 2343 4345 1876)
2421 4263 2817 4328 declaratum

738 4438 753 4471 ¹
793 4437 863 4488 cf.
902 4437 961 4489 P.
1003 4436 1297 4500 Glaesser‚
1352 4438 1435 4489 De
1476 4437 1860 4490 varronianae
1919 4437 2208 4490 doctrinae
2265 4437 2413 4504 apud
2458 4438 2814 4488 Plutarchum

530 4523 779 4590 vestigiis
819 4516 1136 4591 (Leipziger
1175 4521 1329 4576 Stud.
1369 4540 1412 4575 z.
1450 4524 1619 4575 klass.
1661 4523 1806 4575 Phil.
1847 4524 1926 4575 IV
1965 4523 2117 4587 1881)
2155 4540 2207 4591 p.
2246 4521 2364 4573 222.
