3407 5226
608 1566 661 1608 10

609 2602 668 2648 20

613 3126 669 3168 ‘25

674 403 786 493 so

698 594 1129 676 κατορύττεται
1189 590 1349 676 παρα
1408 590 1520 677 τήν
1578 589 1894 676 Κολλίνην
1952 588 2283 674 λεγομένην
2342 589 2540 676 πύλην
2587 611 2600 624 ·
2647 596 2713 658 ἓν
2751 588 2808 680 ἧ
2870 610 2962 674 ’τις

699 698 858 763 ἔστιν
903 697 1072 775 ἐντός
1117 703 1229 781 τῆς
1273 695 1506 773 πόλεως
1549 693 1749 781 ὀφρῦς
1813 694 2046 778 γεώδης
2091 697 2535 780 παρατείνουσα
2581 697 2814 782 πόρρω,
2860 728 2961 764 κα-

698 810 884 867 λεῖται-
930 802 992 866 da*
1030 809 1218 885 χῶμα
1264 799 1550 889 διαλέκτῳ
1599 808 1685 886 τῇ
1731 800 2042 864 Λατίνων.
2134 802 2414 864 ἐνταῦθα
2460 803 2963 877 κατασκευάζεται

700 903 1013 988 κατάγειος
1056 902 1212 982 οἶκος
1257 904 1332 968 ου’
1373 903 1562 987 μέγας
1606 904 1765 987 ἔχων
1809 902 2060 968 ἄνωθεν
2103 902 2442 986 κατάβασιν.
2533 913 2718 970 κεῖται
2779 909 2843 971 δὲ
2894 911 2963 973 ἕν

703 1007 878 1098 αύτῷ
934 1008 1104 1090 κλίνη
1163 1033 1229 1072 τε
1288 1006 1729 1092 ν’πεστρωμένη
1790 1011 1887 1071 καὶ
1946 1007 2165 1089 λύχνος
2225 1008 2535 1088 καιόμενος
2579 1009 2857 1097 α’παρχαί
2897 1039 2966 1077 τε

700 1119 825 1177 τῶν
869 1111 1019 1194 πρὸς
1063 1110 1135 1176 τό
1182 1113 1296 1191 ζῆν
1340 1109 1684 1193 ἀναγκαίων
1728 1113 2012 1194 βραχεῖαί
2054 1138 2206 1191 τινες
2250 1109 2372 1176 οἷον
2418 1110 2633 1194 ἄρτος,
2686 1113 2857 1198 ὕδωρ
2901 1119 2965 1180 ἕν

701 1215 947 1304 ἆγγείῳ,
993 1214 1173 1298 γάλα,
1220 1214 1436 1293 ἔλαιον,
1482 1214 1687 1296 ὥσπερ
1736 1214 2191 1300 ἀφοσιουμένων
2236 1213 2304 1279 τό
2346 1216 2438 1298 μή
2484 1222 2644 1305 λιμῷ
2688 1221 2968 1304 διαφθεί-

701 1346 829 1405 ρειν
873 1325 1053 1400 σῶμα
1097 1325 1228 1395 ταῖς
1270 1321 1583 1401 μεγίσταις
1627 1318 2088 1402 καθιερωμένον
2131 1317 2470 1400 ἁγιστείαις.
2533 1318 2729 1403 αὐτήν
2760 1323 2822 1385 δὲ
2851 1321 2970 1406 τήν

700 1422 1108 1506 κολαζομένην
1149 1424 1233 1500 εἷς
1279 1430 1523 1507 φορεῖον
1582 1422 1904 1504 ἐνθέμενοι
1963 1424 2057 1485 καὶ
2117 1411 2672 1504 καταστεγάσαντες
2730 1424 2970 1501 ἔξωθεν

705 1531 802 1592 καὶ
847 1525 1288 1608 καταλαβόντες
1344 1528 1585 1609 ἱμᾶσιν,
1643 1526 1729 1603 ὥς
1772 1527 1929 1609 μηδὲ
1972 1527 2190 1613 φωνήν
2247 1526 2607 1602 ἐξάκουστον
2654 1528 2966 1611 γενέσθαι,

704 1633 1011 1713 κομίζουσι
1059 1633 1132 1696 δι’
1175 1630 1417 1714 α’γορᾶς.
1493 1632 1834 1706 ἐξίστανται
1882 1631 1944 1694 δὲ
1988 1628 2213 1707 πάντες
2256 1639 2460 1717 σιωπῇ
2501 1636 2598 1696 καί
2642 1634 2968 1718 παραπέμ-

704 1762 916 1801 πουσιν
959 1734 1269 1822 ἄφθογγοι.
1313 1735 1476 1817 μετοί
1523 1762 1681 1811 τινος
1728 1738 1921 1816 δεινῆς
1966 1735 2299 1819 κατηφείας
2346 1785 2359 1798 .
2394 1787 2408 1800 .
2446 1786 2460 1799 .
2508 1733 2657 1800 ὅταν
2700 1738 2769 1801 δὲ
2813 1738 2974 1824 πρός

704 1839 808 1903 τόν
868 1838 1057 1904 τόπον
1114 1840 1392 1924 κομισθῇ
1447 1836 1516 1902 τὸ
1581 1845 1862 1923 φορεῖον,
1924 1838 1979 1901 οἱ
2022 1839 2136 1918 μὲν
2181 1836 2483 1924 ὑπηρέται
2529 1841 2672 1917 τούς
2717 1843 2972 1923 δεσμοῦς

704 1942 1006 2020 ἕξέλυσαν,
1054 1942 1085 2007 ὁ
1120 1944 1183 2007 δὲ
1218 1949 1341 2006 τῶν
1378 1941 1589 2023 ἱερέων
1635 1942 1887 2025 ἔξαρχος
1934 1940 2123 2024 εὐχάς
2168 1969 2331 2019 τινας
2375 1940 2762 2026 ἀπορρήτους
2805 1972 2974 2030 ποιη-

707 2046 969 2126 σάμενος
1013 2051 1109 2111 καὶ
1142 2054 1363 2130 χεῖρας
1406 2044 1726 2122 ἀνατείνας
1772 2052 1942 2123 θεοῖς
1986 2044 2104 2127 πρό
2151 2050 2265 2129 τῆς
2294 2043 2567 2130 ἀνάγκης
2596 2046 2793 2130 ε’ξιίγει
2826 2076 2969 2132 συγ-

703 2149 1163 2233 κεκαλυμμένην
1221 2155 1320 2215 καὶ
1376 2151 1753 2233 καθίστησιν
1813 2152 1910 2214 ε’πὶ
1957 2153 2242 2230 κλίμακος
2287 2153 2371 2226 εἷς
2416 2150 2487 2213 τό
2536 2149 2759 2236 οἴκημα
2803 2152 2969 2216 κάτω

704 2254 1035 2340 φερούσης.
1094 2252 1226 2318 εἶτα
1272 2252 1463 2331 αὐτός
1504 2254 1619 2335 μὲν
1663 2252 2072 2333 ἀποτρέπεται
2122 2252 2284 2333 μετοὶ
2332 2261 2452 2316 τῶν
2497 2252 2694 2318 ἄλλων
2739 2255 2968 2339 ἱερέων.

705 2366 816 2442 τῆς
860 2359 923 2422 δὲ
966 2356 1318 2442 κατιιβοίσης
1363 2354 1405 2440 ἥ
1445 2383 1513 2420 τε
1557 2356 1772 2436 κλίμαξ
1831 2353 2162 2441 ἀναιρεῖται
2224 2359 2321 2419 καὶ
2379 2348 2852 2440 κατακρύπτεται
2897 2359 2970 2425 τό

704 2462 925 2546 οἴκημα
981 2469 1092 2544 γῆς
1154 2468 1378 2541 πολλῆς
1439 2459 1687 2524 ἄνωθεν
1746 2458 2260 2544 ἕπιφορουμένης,
2322 2457 2479 2524 ὥστε
2541 2460 2821 2526 ἰσόπεδον
2880 2468 2972 2551 τῷ

710 2570 902 2655 λοιπῷ
955 2563 1204 2648 χώματι
1272 2563 1560 2648 γενέσθαι
1631 2563 1737 2628 τόν
1803 2563 2008 2628 τόπον.
2100 2564 2326 2630 Festus
2369 2587 2432 2651 p.
2481 2568 2598 2629 241
2664 2570 2968 2651 probrum

710 2671 971 2755 virginis
991 2670 1268 2734 Vestalis
1298 2675 1369 2733 ut
1399 2670 1605 2753 capite
1635 2669 1988 2753 puniretur,
2033 2670 2147 2747 vir,
2193 2670 2299 2753 qui
2345 2690 2486 2732 eam
2516 2671 2971 2756 incestavisset,

708 2776 1071 2840 verberibus
1115 2779 1473 2838 necaretur:
1525 2775 1633 2837 lex
1678 2774 1811 2836 fixa
1856 2774 1919 2836 in
1967 2774 2125 2836 atrio
2170 2772 2516 2837 Libertatis
2563 2796 2705 2837 cum
2754 2777 2972 2840 multis

709 2881 826 2944 alis
888 2879 1134 2963 legibus
1198 2878 1484 2942 incendio
1530 2884 1913 2962 consumpta
1958 2885 2084 2955 est,
2146 2884 2215 2941 ut
2275 2879 2362 2940 ait
2425 2877 2509 2942 M.
2557 2877 2713 2943 Cato
2774 2881 2836 2942 in
2897 2901 2978 2943 ea

712 2985 1021 3063 oratione,
1066 3003 1227 3066 quae
1274 2982 1353 3044 de
1399 2980 1748 3064 auguribus
1792 2980 2171 3044 inscribitur.
2264 2981 2453 3044 adicit
2514 3002 2755 3064 quoque
2801 2983 2979 3044 vir-

712 3089 960 3171 gines
1006 3084 1420 3149 Vestales
1466 3082 1976 3148 sacerdotio
2023 3082 2650 3167 exaugurat[as
2697 3114 2729 3150 *
2766 3114 2794 3145 ηε
2831 3114 2863 3150 *

711 3396 940 3445 stratam
990 3391 1212 3444 defossa
1261 3391 1531 3443 scelerato
1583 3403 1807 3454 camp03
1861 3386 2025 3438 credo
2076 3387 2143 3439 ab
2196 3388 2404 3438 incesto
2443 3385 2498 3436 id
2536 3387 2587 3438 ei
2623 3388 2743 3439 loco
2779 3404 2978 3439 nomen

710 3481 934 3532 factum.
1004 3479 1077 3532 ib.
1114 3476 1280 3529 XXII
1316 3477 1399 3543 57,
1435 3476 1468 3527 2
1505 3492 1583 3542 sq.
1624 3473 1897 3538 (538s216)
1935 3474 2116 3525 territi
2167 3474 2331 3524 etiam
2370 3490 2533 3539 super
2571 3477 2753 3525 tantas
2791 3474 2978 3526 clades

711 3567 831 3620 cum
871 3566 1068 3619 ceteris
1103 3563 1392 3632 prodigiiS,
1428 3566 1541 3614 tum
1579 3560 1724 3629 quod
1763 3561 1902 3612 duae
1942 3560 2197 3611 Vestales
2237 3576 2301 3611 eo
2341 3576 2510 3624 ann0,
2557 3559 2774 3626 Opimia
2812 3563 2978 3626 atque

708 3653 986 3718 Floronia,
1021 3652 1195 3719 stupri
1233 3654 1546 3717 compertae
1584 3652 1639 3699 et
1675 3648 1855 3699 altera
1891 3647 1989 3699 sub
2029 3650 2203 3711 terra,
2239 3648 2320 3698 uti
2360 3662 2475 3697 mos
2513 3650 2614 3710 est,
2653 3646 2723 3697 ad
2761 3650 2979 3713 portam

713 3738 979 3793 Collinam
1016 3743 1211 3790 necata
1248 3723 1444 3800 fuerat,
1483 3737 1660 3787 altera
1698 3735 1915 3787 sibimet
1943 3735 2065 3801 ipsa
2092 3738 2319 3784 mortem
2348 3734 2717 3798 consciverat3
2755 3731 2817 3783 L.
2837 3731 2981 3783 Can-

710 3828 861 3880 tilius
899 3824 1081 3877 scriba
1116 3822 1406 3890 pontificis,
1446 3837 1581 3888 quos
1619 3837 1765 3872 nunc
1802 3822 2041 3872 minores
2078 3820 2365 3887 pontifices
2404 3819 2702 3885 appellant,
2740 3818 2981 3884 quicum

710 3914 969 3966 Floronia
1007 3916 1251 3977 stuprum
1289 3910 1516 3973 fecerat,
1554 3926 1587 3960 a
1613 3907 1870 3975 pontifice
1896 3907 2131 3959 maximo
2161 3922 2424 3973 eousque
2454 3905 2627 3970 virgis
2665 3905 2720 3955 in
2760 3904 2979 3956 comitio

712 3998 904 4052 caesus
957 4001 1107 4063 erat,
1154 4001 1214 4048 ut
1261 3987 1403 4047 inter
1453 3995 1687 4046 verbera
1745 3994 2071 4060 exspiraret.
2145 3994 2215 4058 cs.
2257 3995 2420 4046 Dion.
2463 3992 2641 4042 Halic.
2696 3990 2858 4041 VIII
2895 3993 2981 4041 89.

715 4087 857 4138 Plut.
893 4074 1029 4136 Fab.
1067 4084 1220 4135 Max.
1262 4086 1349 4133 18.
1412 4083 1557 4133 Ptin.
1600 4098 1678 4146 ep.
1722 4080 1757 4130 I
1773 4079 1822 4128 V
1866 4084 1950 4131 11.
2026 4082 2242 4131 Sueton.
2281 4080 2480 4129 Domit.
2518 4080 2571 4127 8.
2640 4077 2810 4128 Schol.
2860 4075 2981 4127 Iur.

713 4171 815 4222 IV
846 4174 893 4223 9.
967 4171 1219 4223 Zonaras
1270 4167 1389 4219 VII
1423 4169 1472 4219 8.
1547 4168 1753 4219 Suidas
1787 4168 1888 4217 vol.
1928 4166 2002 4216 II
2042 4170 2073 4217 1
2105 4183 2163 4232 p.
2213 4168 2347 4216 1010
2384 4166 2449 4215 B.

918 4365 963 4401 2⁸
998 4364 1068 4415 Μ.
1098 4358 1258 4428 Cato]
1295 4361 1369 4413 M.
1408 4359 1628 4411 Catonis
1663 4364 1799 4409 orat.
1837 4358 1935 4408 rel.
1980 4356 2228 4409 LXVII
2264 4358 2326 4407 de
2364 4355 2664 4421 auyuribus
2693 4371 2751 4421 p.
2794 4358 2860 4405 67
2900 4371 2981 4423 sq.

713 4449 926 4502 Jordan
