3407 5226
2711 478 2793 542 55

733 668 916 731 Paul.
950 690 1010 752 p.
1049 670 1128 731 19
1166 666 1629 733 as'sidelae
1675 687 2025 730 mensae
2070 672 2396 748 vocantur,
2440 667 2539 732 ad
2584 689 2795 752 quas
2874 669 2957 732 28

513 770 942 836 'sedentes
988 771 1405 836 flamines
1449 791 1699 849 sacra
1744 770 2136 846 faciunt.

733 902 917 967 Paul.
964 923 1023 987 p.
1072 904 1154 965 93
1198 900 1652 966 flaminius
1696 901 1971 967 lictor
2018 907 2134 982 est,
2181 902 2292 985 qui
2334 901 2576 966 flamini
2619 900 2795 966 Diali
2874 902 2955 964 29

454 1050 457 1055 -
528 1027 850 1070 sacrorum
898 1025 1093 1069 causa
1137 1010 1387 1088 praesto
1438 1011 1556 1072 est.

735 1127 917 1192 Paul.
974 1148 1035 1210 p.
1084 1126 1166 1189 93
1233 1126 1693 1190 flaminius
1764 1123 2174 1190 camillus
2237 1146 2400 1210 puer
2464 1125 2972 1190 dicebatur530

524 1232 958 1313 ingenuus
1031 1230 1458 1316 patrimes
1525 1236 1609 1293 et
1675 1230 2160 1317 matrimeS,
2242 1231 2385 1316 qui
2444 1230 2793 1294 flamini

524 1334 767 1399 Diali
842 1335 937 1399 ad
1016 1333 1484 1398 sacrificia
1572 1333 2393 1421 praeministrabat.
2483 1333 2791 1418 Interpol.

526 1439 704 1504 Serv.
752 1459 972 1522 georg.
1019 1439 1051 1501 1
1099 1441 1173 1502 31
1227 1436 1399 1502 unde
1466 1437 2083 1501 confarreatio
2148 1436 2629 1523 appellabatur,
2692 1460 2793 1503 ex

525 1543 843 1627 quibus
909 1541 1252 1624 nuptiis
1314 1541 1676 1624 patrimi
1733 1547 1814 1605 et
1858 1540 2244 1605 matrimi
2305 1542 2789 1606 nasceban-

525 1653 682 1710 tur.
758 1630 1054 1709 'Macrob.
1102 1652 1220 1708 sat.
1276 1643 1382 1709 III
1446 1647 1524 1725 8,
1595 1647 1629 1708 7
1678 1644 1955 1709 Romani
2019 1664 2274 1732 quoque
2334 1664 2660 1728 pueros
2728 1652 2793 1733 et
2838 1663 2895 1706 ιο

522 1750 873 1836 puellas
918 1748 1272 1814 nobiles
1303 1755 1367 1812 et
1411 1749 1814 1814 investes
1857 1748 2263 1836 camillos
2296 1748 2793 1814 etcamillas

525 1853 994 1938 appellant
1056 1852 1716 1916 flaminicarum
1776 1858 1862 1917 et
1906 1851 2363 1916 flaminum
2423 1854 2795 1938 praemi-

525 1958 864 2022 nistroe
908 1957 993 2041 cf.
1024 1957 1132 2045 fr.
1179 1956 1284 2023 50.

728 2219 798 2272 29
868 2218 1024 2271 ovid.
1052 2218 1090 2270 f.
1117 2219 1174 2270 II
1197 2217 1260 2271 21
1290 2235 1411 2286 sqq.
1438 2217 1727 2285 pontifices
1754 2220 1824 2271 ab
1853 2235 1985 2286 rege
2022 2224 2218 2286 petunt
2255 2227 2311 2271 et
2348 2219 2565 2273 flamine
2602 2217 2793 2288 lanam!

522 2310 645 2375 quis
683 2312 928 2358 veterum
968 2305 1160 2370 lingua
1194 2304 1389 2357 februa
1425 2321 1619 2356 nomen
1660 2310 1808 2369 erat3
1845 2305 1853 2373 Ι
1886 2321 2138 2373 quaeque
2180 2307 2329 2373 capit
2360 2307 2521 2360 lictor
2547 2307 2793 2360 domibus

522 2394 845 2460 purgamina
883 2393 1044 2444 certis
1083 2390 1181 2458 (cf.
1223 2393 1409 2445 Peteri
1442 2399 1717 2446 comment.
1760 2395 2143 2459 orit.-eaee9et.2
2171 2411 2230 2460 p.
2260 2395 2357 2459 23)
2389 2393 2397 2461 Ι
2430 2395 2636 2445 torrida
2674 2410 2792 2446 cum

523 2481 662 2532 mica
701 2480 878 2539 farra,
930 2485 1197 2530 vocantur
1251 2478 1392 2529 idem
1431 2477 1527 2545 (cf.
1565 2479 1803 2533 Mueller
1838 2481 1910 2531 ad
1946 2480 2104 2532 Paul.
2143 2481 2179 2532 l.
2215 2480 2278 2545 e.)
2769 2474 2774 2483 ’

726 2582 796 2637 30
864 2583 1020 2636 Paul.
1058 2601 1109 2651 p.
1146 2583 1216 2637 93
1250 2582 1632 2637 flaminius
1681 2584 2024 2637 camillus
2075 2621 2091 2637 .
2127 2620 2140 2634 .
2182 2624 2195 2636 .
2234 2576 2793 2651 praeministra-

522 2671 666 2722 bat:
728 2670 939 2737 antiqui
999 2671 1139 2721 enim
1210 2670 1484 2723 ministros
1545 2672 1796 2723 camillos
1857 2670 2129 2724 dicebant.
2202 2670 2295 2723 alii
2357 2669 2546 2724 dicunt
2608 2688 2796 2725 omnes

522 2772 719 2823 pueros
747 2757 814 2807 ab
844 2756 1086 2823 antiquis
1111 2756 1360 2808 camillos
1386 2758 1722 2824 appellatoS,
1748 2758 1889 2809 sicut
1928 2758 2165 2810 habetur
2190 2756 2244 2809 in
2272 2757 2501 2824 antiquo
2534 2758 2795 2824 carmine,

524 2860 642 2895 cum
682 2848 841 2910 pater
877 2842 990 2895 filio
1031 2842 1098 2893 de
1137 2843 1472 2909 agricultura
1510 2844 1852 2911 praeciperet
1888 2842 2129 2897 ‘hiberno
2168 2845 2411 2911 pulvere,
2448 2859 2619 2896 verno
2658 2846 2794 2910 luto,

519 2929 754 2991 grandia
793 2929 961 2997 farra,
997 2930 1232 2997 camille,
1269 2931 1473 2982 metes'.
1547 2931 1813 2998 Interpol.
1852 2931 2002 3004 Serv.
2036 2946 2227 3002 georg.
2266 2932 2295 2983 I
2327 2929 2395 2985 31
2431 2930 2604 2982 tribus
2650 2931 2796 2983 enim

522 3015 694 3067 modis
732 3013 878 3081 apud
917 3003 1130 3067 veteres
1167 3017 1395 3083 nuptiae
1432 3016 1664 3068 fiebant:
1719 3032 1851 3081 usu,
1902 3017 1947 3068 si
1994 3016 2150 3068 verbi
2200 3016 2379 3083 gratia
2414 3016 2609 3069 mulier
2645 3034 2791 3069 anno

412 3153 415 3154 a
523 3117 631 3153 uno
682 3117 800 3152 cum
850 3102 998 3165 viro,
1053 3102 1183 3153 licet
1231 3102 1350 3153 sine
1399 3101 1647 3168 legibue,
1684 3102 1910 3169 fuisset3
1959 3101 2137 3167 farre,
2188 3118 2309 3154 cum
2346 3118 2443 3169 per
2479 3102 2793 3170 pontificem
2881 3097 2888 3100 ⁷

523 3188 808 3239 maximum
849 3190 906 3240 et
943 3189 1156 3239 Dialem
1207 3187 1480 3240 flaminem
1531 3204 1627 3257 per
1684 3189 1876 3255 fruges
1915 3194 1969 3241 et
2020 3191 2216 3242 molam
2254 3190 2451 3241 salsam
2490 3190 2795 3257 coniunge-

522 3273 741 3338 bantur,
783 3272 964 3325 unde
1003 3274 1512 3327 confarreatio
1550 3276 2074 3343 appellabatur
2111 3316 2127 3329 .
2159 3316 2175 3328 .
2216 3311 2233 3329 .
2269 3276 2793 3343 nascebantuu

522 3359 865 3425 coemptione
902 3378 944 3413 e.
982 3378 1030 3428 q.
1068 3379 1112 3413 8.
1152 3362 1310 3414 Paul.
1348 3378 1401 3428 p.
1441 3362 1510 3416 43
1548 3362 1797 3415 camillus
1845 3362 2067 3430 proprie
2116 3365 2427 3429 appellatur
2464 3379 2600 3429 puer
2637 3363 2795 3429 inge-

520 3460 676 3496 nuae.
725 3445 797 3497 ib.
824 3461 876 3513 p.
908 3445 1005 3498 126
1034 3447 1307 3499 matrimes
1331 3463 1398 3499 ac
1424 3447 1686 3514 patrimes
1725 3447 2003 3514 dicuntur,
2042 3448 2239 3516 quibus
2276 3452 2476 3501 matres
2513 3452 2569 3500 et
2606 3451 2794 3513 patres

523 3530 699 3582 adhuc
739 3533 942 3583 vivunt.
1004 3532 1078 3582 ib.
1116 3548 1167 3597 p.
1204 3531 1274 3585 63
1309 3546 1583 3585 cumeram
1624 3534 1898 3585 vocabant
1933 3527 2149 3601 antiqui
2185 3550 2280 3586 vas
2319 3531 2612 3601 quoddam,
2648 3537 2791 3601 quod

521 3621 767 3683 opertum
809 3617 863 3667 in
902 3618 1109 3684 nuptiis
1143 3616 1433 3687 ferebant,
1469 3619 1528 3670 in
1567 3635 1677 3686 quo
1716 3623 1875 3672 erant
1912 3613 2500 3686 nubentis‘utensilia,
2551 3620 2698 3688 quod
2736 3625 2793 3673 et

522 3702 793 3753 camillum
833 3701 1124 3768 dicebant,
1180 3719 1244 3756 eo
1283 3703 1430 3771 quod
1470 3720 1752 3758 sacrorum
1792 3699 2098 3759 ministrum
2132 3706 2367 3775 κάσμιλον
2397 3705 2501 3775 (cs.
2537 3707 2793 3761 Muelleri

519 3789 647 3841 adn.
686 3790 759 3840 ad
794 3790 846 3841 h.
885 3789 945 3853 Ζ.)
983 3790 1354 3856 appellabant.
1451 3792 1720 3859 Interpol.
1758 3792 1907 3844 Serv.
1946 3796 2085 3845 Aen.
2122 3794 2205 3845 XI
2241 3792 2345 3847 543
2379 3794 2617 3847 Romani
2655 3810 2791 3862 quo-

519 3891 624 3943 que
673 3892 874 3943 pueros
923 3879 979 3928 et
1029 3876 1242 3943 puellas
1298 3878 1510 3936 nobiles
1548 3882 1602 3931 et
1640 3880 1895 3932 *investes
1932 3880 2181 3933 camillos
2208 3884 2276 3946 et
2312 3882 2560 3950 camillas
2597 3881 2789 3948 appel-

517 3962 745 4028 labant,
808 3961 1202 4015 flaminicarum
1258 3967 1314 4015 et
1366 3964 1639 4016 flaminum
1696 3965 2126 4033 praeministroS.
2198 3951 2350 4019 Serv.
2387 3968 2525 4019 Aen.
2565 3967 2649 4019 XI
2684 3966 2787 4021 558

519 4050 791 4101 ministros
839 4050 984 4100 enim
1038 4054 1092 4100 et
1141 4050 1414 4124 ministras
1465 4051 1776 4117 impuberes
1826 4052 2076 4105 camillos
2126 4057 2179 4104 et
2230 4053 2476 4106 camillas
2522 4054 2576 4106 in
2614 4055 2787 4106 sacris

519 4134 808 4193 vocabant.
871 4135 1008 4187 Plut.
1035 4134 1194 4188 Num.
1220 4136 1255 4187 7
1277 4142 1360 4189 καὶ
1397 4135 1490 4207 γάρ
1525 4136 1582 4198 ἃς
1617 4136 1831 4208 ἐφόρουν
1857 4140 1915 4192 Δοιι
1952 4141 2091 4208 ἱερεῖς
2126 4127 2291 4206 Zaba:
2324 4138 2358 4194 ὅ
2383 4140 2560 4206 Ἰόβας
2590 4145 2788 4211 χλαίνᾳς

516 4227 664 4290 φησὶν
699 4224 818 4275 εἶναι
855 4228 935 4275 καὶ
973 4221 1065 4278 τόν
1103 4222 1454 4292 ὖπηρετοῦντα
1501 4225 1575 4294 τῷ
1624 4226 1744 4296 ἱερεῖ
1777 4226 1873 4282 τοῦ
1910 4222 2028 4287 Διὸς
2063 4222 2329 4295 ἅμφιθαλῆ
2362 4228 2523 4280 παῖδα
2560 4230 2787 4298 λέγεσθαι

516 4306 766 4375 κάμιλλον.

723 4536 753 4584 ⁶.
781 4537 1045 4604 patrimus
1081 4541 1135 4590 et
1171 4537 1451 4591 mat-rimus
1487 4554 1593 4605 my.
1629 4540 1693 4591 A.
1732 4540 1869 4608 Auq.
