3407 5226
590 470 634 530 6.

589 657 964 722 testimoniis
1030 656 1387 720 declaratur
1456 658 1737 721 universi
1802 656 1955 721 iuris
2020 654 2218 719 divini
2284 655 2600 735 thesauri,
2674 674 2864 739 quem

589 760 915 844 pontifices
984 762 1406 844 conscriptum
1471 759 1832 840 habebant,
1898 761 1973 823 iis
2041 758 2430 842 temporibus
2450 807 2466 838 ,
2534 757 2760 842 quibus
2824 778 2863 819 a

588 863 997 946 scriptoribus
1043 865 1316 948 expilari
1338 869 1611 947 ,coeptus
1674 870 1803 943 est,
1874 864 2225 947 peculiares
2284 861 2589 946 quasdam
2652 866 2864 945 partes

588 965 669 1029 ab
730 967 880 1050 ipsis
946 967 1344 1051 pontificibus
1412 967 1739 1031 distinctas
1809 987 1966 1030 esse.
2033 966 2113 1029 de
2179 964 2865 1048 indigitamentis

588 1068 706 1133 hoc
753 1069 1110 1133 luculenter
1169 1076 1436 1134 testatus
1495 1076 1591 1133 est
1637 1069 1895 1134 Servius
1939 1090 2158 1152 georg.
2206 1067 2241 1130 I
2285 1070 2361 1130 21
2429 1067 2598 1151 quod
2659 1075 2865 1131 autem

590 1173 742 1235 dicit
785 1169 1082 1236 ‘studium
1139 1172 1358 1257 quibus
1418 1194 1579 1236 arva
1641 1173 1839 1253 tueri’,
1898 1173 2155 1235 nomina
2212 1170 2364 1234 haec
2418 1172 2751 1233 numinum
2794 1172 2863 1233 in

589 1275 1091 1357 indiyitamentis
1134 1277 1562 1358 inveniuntur,
1608 1276 1678 1338 id
1723 1281 1812 1338 est
1855 1276 1926 1338 in
1970 1273 2149 1338 libris
2188 1271 2655 1356 pontificalibus
2670 1321 2689 1353 ,
2757 1275 2865 1356 qui

589 1385 645 1440 et
688 1379 945 1441 nomina
991 1377 1252 1441 deorum
1306 1385 1363 1442 et
1422 1381 1694 1442 rationes
1754 1382 2037 1461 ipsorum
2096 1379 2416 1441 nominum
2482 1378 2797 1441 continent
2824 1377 2861 1442 ¹.

588 1482 751 1545 alius
794 1482 1045 1564 generis
1090 1483 1400 1546 memoria
1445 1482 1614 1566 apud
1659 1483 1922 1547 Festum
1968 1505 2029 1567 p.
2064 1485 2188 1546 286
2234 1505 2282 1546 s.
2317 1504 2376 1545 v.
2409 1481 2593 1545 ‘recto
2640 1477 2865 1544 fronte'

588 1590 802 1649 extat:
851 1587 1041 1649 etiam
1097 1587 1164 1649 in
1223 1588 1839 1650 commentariis
1898 1568 2334 1650 sabrorum
2392 1577 2865 1667 pontifica-

588 1690 790 1751 lium
826 1689 1191 1772 frequenter
1234 1696 1322 1752 est
1365 1690 1466 1753 hie
1513 1692 1643 1754 ovis
1665 1738 1681 1769 ‚
1753 1711 2023 1774 quocum
2083 1688 2526 1772 coniungenda
2570 1687 2864 1751 videntur

586 1812 649 1875 p.-
701 1793 818 1854 141
870 1814 917 1855 s.
967 1814 1026 1855 v.
1073 1789 1481 1856 ‘molucrum’:
1541 1791 1825 1857 Cloatius
1868 1792 1959 1875 [et
2002 1791 2257 1874 Aelius]
2309 1793 2497 1867 etiam
2554 1793 2622 1854 in
2683 1791 2863 1854 libris

587 1914 922 1956 sacrorum
981 1896 1332 1958 molucrum
1390 1916 1518 1960 esse
1575 1899 1760 1959 aiunt
1805 1898 2051 1980 tionum
2096 1896 2409 1981 quoddam
2455 1894 2864 1978 quadratum,

587 1996 695 2060 ubi
738 1998 1123 2080 immolatur,
1169 2021 1230 2084 p.
1284 2002 1398 2064 161
1450 2002 1825 2065 malluvium
1883 2003 2093 2065 laeum
2145 2002 2212 2063 in
2261 1998 2701 2062 commentario
2744 1996 2862 2076 (sic

588 2101 670 2165 A.
718 2099 888 2184 Aug.
937 2103 1003 2165 in
1048 2124 1200 2186 mg„
1246 2102 1423 2185 Urs.;
1469 2105 1538 2166 in
1586 2106 2098 2169 commentarium
2143 2102 2227 2185 F)
2287 2099 2623 2166 sacrorum
2665 2103 2862 2184 siqni-

567 2206 756 2288 fieat,
803 2227 1034 2270 manus
1078 2209 1187 2290 qui
1229 2209 1456 2288 lavent,
1503 2230 1563 2292 p.
1613 2211 1735 2272 165
1782 2230 1831 2271 S.
1880 2230 1941 2271 v.
1988 2206 2300 2271 ‘nectere’:
2356 2207 2547 2269 etiam
2590 2206 2658 2267 in
2704 2225 2860 2268 com-

588 2311 899 2374 mentario
957 2329 1289 2373 sacrorum
1345 2318 1724 2392 usurpatur
1763 2311 1876 2393 hoe
1937 2311 2121 2374 modo
2160 2307 2463 2392 ‘pontifex
2523 2309 2756 2370 minor'
2788 2328 2862 2370 ex

588 2413 948 2476 stramentis
1025 2433 1316 2495 napuras
1378 2410 1617 2477 nectito'
1673 2414 1744 2477 id
1812 2421 1900 2477 est
1948 2400 2283 2496 funiculos
2334 2412 2583 2495 facite,
2644 2410 2861 2496 quibus

586 2536 728 2579 sues
776 2516 1232 2598 adnectantur,
1295 2538 1358 2600 p.
1407 2519 1532 2580 360
1579 2517 1760 2580 tauri
1819 2517 2231 2600 verbenaeque
2291 2517 2359 2578 in
2421 2515 2863 2578 commentario

586 2640 920 2684 sacrorum
963 2621 1284 2703 siqnificat
1318 2623 1476 2706 fieta
1511 2621 1882 2704 farinacea.
1948 2622 2047 2685 his
2106 2622 2302 2704 igitur
2360 2621 2650 2684 omnibus
2708 2620 2862 2683 locis

482 2757 484 2760 v
587 2745 713 2787 non
757 2725 1159 2806 grammatici
1217 2725 1480 2788 alicuius
1541 2726 2022 2789 commentarios
2044 2774 2060 2805 ,
2113 2723 2223 2788 sed
2285 2725 2565 2807 ipsorum
2608 2723 2860 2806 pontifi-

589 2827 831 2894 ciorum
864 2827 1165 2891 librorum
1195 2848 1398 2909 genus
1428 2828 1771 2911 significari
1801 2849 1915 2911 per
1959 2849 2044 2908 se,
2091 2833 2263 2911 puto,
2308 2833 2594 2911 apparet.
2644 2847 2862 2911 quam-

589 2952 779 3015 quam
826 2930 1262 3014 SchweglerO,
1320 2931 1488 2995 Hist.
1534 2952 1694 2995 rom.
1742 2930 1778 3005 I
1822 2953 1883 3015 p.
1934 2934 2007 2994 31
2060 2953 2151 3015 sq.
2199 2937 2264 2995 et
2306 2930 2606 2995 Eduardo
2651 2929 2861 2993 Lueb-

587 3033 762 3115 bert,
823 3033 1241 3099 Commentat.
1307 3036 1582 3118 pontific.
1648 3032 1939 3117 (Vratisl.
2008 3033 2200 3115 1859)
2263 3056 2325 3118 p.
2386 3036 2469 3097 80
2530 3055 2657 3097 non
2715 3054 2860 3096 con-

589 3136 935 3201 cedendum
1004 3143 1100 3201 est
1173 3139 1272 3201 ius
1347 3138 1743 3222 pontificium
1811 3159 1925 3221 per
1991 3138 2403 3202 materiarum
2468 3157 2707 3220 genera
2771 3137 2862 3200 ita

588 3239 906 3322 digestum
953 3240 1176 3321 fuisse,.
1213 3248 1284 3305 ut
1328 3242 1505 3326 quasi
1551 3242 1906 3327 perfectum
1951 3243 2085 3306 eius
2132 3239 2423 3323 σύστημα
2468 3240 2859 3305 efficeretur:

587 3363 735 3405 nam
783 3343 926 3407 talis
974 3343 1224 3426 codicis,
1255 3345 1308 3407 si
1337 3365 1406 3407 re
1437 3366 1589 3408 vera
1619 3344 1956 3423 extitisset,
1986 3345 2276 3408 notitiam
2308 3343 2479 3427 apud
2510 3345 2861 3427 scriptores,

588 3447 696 3530 qui
725 3468 905 3510 sacra
934 3447 1151 3531 populi
1182 3446 1455 3512 Romani
1487 3453 1936 3527 tractaverunt,
1982 3453 2151 3511 certe
2181 3469 2308 3510 non
2339 3446 2857 3511 desideraremus.
2936 3497 2940 3501 .

587 3555 655 3612 at
699 3548 764 3612 id
811 3550 947 3614 iure
1007 3533 1365 3634 quaeritur,
1425 3551 1749 3635 possintne
1812 3552 1922 3615 alii
1974 3551 2122 3615 libri
2165 3550 2326 3614 sacri
2370 3572 2409 3614 a
2456 3550 2860 3634 scriptoribus

587 3653 1064 3717 commemorati
1108 3654 1189 3717 ad
1235 3656 1604 3739 pontificum
1658 3660 2069 3718 monumenta
2114 3654 2282 3718 iusta
2326 3654 2569 3718 ratione
2615 3646 2858 3718 referri.

586 3896 1008 3949 commentarios
1033 3895 1350 3963 pontificum
1377 3912 1410 3947 a
1433 3895 1589 3947 libris
1615 3911 1725 3948 non
1751 3895 1998 3948 diversos
2036 3896 2207 3948 fuisse
2245 3912 2365 3948 cum
2402 3895 2859 3948 Reifferscheidio

588 3998 818 4047 censen,
869 3981 1020 4033 cuius
1059 3981 1384 4033 sententiam
1420 3981 1710 4034 Preibisch
1747 3999 1961 4051 quoque
1999 3983 2055 4033 in
2097 3982 2520 4043 Quaestionibus
2570 3999 2625 4049 p.
2665 3981 2699 4034 5
2747 3999 2860 4034 am-

586 4068 782 4135 plexus
837 4070 952 4132 est,
1003 4067 1222 4134 copiose
1279 4057 1674 4119 demonstravit
1722 4069 1927 4120 Paulus
1976 4068 2205 4135 Regell,
2255 4068 2338 4120 De
2377 4084 2645 4133 augurum
2681 4068 2861 4135 publi-

587 4169 774 4206 corum
808 4153 963 4205 libris
999 4156 1142 4219 part.
1180 4152 1209 4203 I
1246 4151 1399 4214 (diss.
1438 4153 1664 4205 Vratisl.
1708 4152 1864 4218 1878)
1901 4171 1954 4221 p.
1990 4153 2061 4207 30
2097 4170 2215 4223 sqq.

795 4240 813 4272 ¹
853 4239 920 4290 de
959 4237 1396 4304 indigitamentis
1426 4239 1496 4290 cf.
1522 4242 1747 4306 praeter
1772 4240 2209 4303 Ambroschium,
2249 4227 2398 4290 iiber
2435 4238 2524 4290 die
2548 4239 2863 4307 Religione-

585 4326 793 4378 biicher
848 4322 947 4376 der
996 4323 1199 4375 Romer
1252 4322 1432 4392 (Bonn
1470 4323 1642 4390 1843),
1683 4326 1950 4392 imprimis
2002 4325 2347 4391 Marquardti
2395 4325 2453 4377 in
2488 4326 2710 4378 Enchir.
2751 4329 2859 4378 ant.

586 4427 720 4463 rom.
758 4411 876 4463 VI2
912 4427 965 4477 p.
1003 4409 1035 4461 7
1073 4426 1188 4479 sqq.
1247 4410 1648 4479 expositionem
1702 4428 1737 4464 a
1795 4411 2037 4479 Georgio
2091 4411 2366 4465 Wissowa
2420 4411 2859 4467 adnotationibus

587 4499 821 4551 auctam.
