3407 5226
2678 477 2759 548 49

492 676 796 766 pervio
846 695 1276 760 cassoque
1321 672 1449 737 fas
1495 691 1650 738 non
1699 680 1831 738 est.
1914 671 2195 756 ignem
2252 694 2286 737 e
2339 669 2755 755 flaminia,
2891 696 2925 765 e

493 784 559 848 id
607 791 704 846 est
762 781 1031 844 flaminis
1079 778 1283 842 Dialis
1345 778 1575 858 domo,
1637 778 1814 841 nisi
1858 798 2193 841 sacrum
2254 776 2570 841 efferri
2630 776 2762 843 ius

494 908 647 950 non
694 893 848 967 est3
895 885 1302 964 vinctum,
1339 874 1421 945 *si
1465 882 1730 946 aedes
1778 883 1964 945 eius
2010 868 2490 962 introierit,
2535 882 2760 963 solvi
2901 882 2933 949 f

492 1008 923 1053 necessum
985 976 1112 1050 est
1169 992 1248 1049 et
1292 983 1629 1048 vincula
1687 1005 1833 1069 per
1878 974 2362 1068 impluvium
2406 985 2482 1047 in
2528 989 2765 1068 tegu-

492 1092 617 1155 las
678 1090 1050 1155 subduci
1111 1094 1369 1172 atque
1430 1088 1633 1152 inde
1694 1088 1937 1151 foras
1980 1090 2063 1151 in
2110 1088 2328 1152 viam
2388 1087 2759 1154 demitti.
2807 1115 2834 1156 5

492 1196 797 1260 nodum
859 1195 939 1258 in
1004 1193 1254 1276 apice
1316 1212 1591 1277 neque
1651 1192 1730 1255 in
1791 1192 2086 1263 cinctu
2143 1212 2419 1275 neque
2464 1192 2543 1255 in
2587 1192 2764 1256 alia
2887 1216 2929 1278 g

1444 1398 1477 1435 *
1774 1376 1811 1434 'aie

1610 1445 1645 1482 ‘lt

497 1612 739 1675 Diali
783 1609 1127 1673 flamini
1174 1592 1520 1690 vi]dere
1579 1627 1741 1670 non
1804 1606 2037 1671 licet.
2084 1607 2269 1671 Paul.
2301 1628 2365 1692 p.
2399 1609 2525 1671 248
2571 1629 2767 1693 pror

494 1716 870 1778 cinctam
935 1713 1343 1792 classem,
1407 1710 1468 1774 id
1537 1718 1634 1774 est
1694 1718 1988 1794 paratam
2051 1711 2134 1774 ad
2196 1711 2433 1775 bellum
2493 1714 2762 1776 militum

496 1817 1013 1898 multitudinem,
1103 1815 1342 1880 Diali
1447 1814 1796 1877 flamini
1885 1814 2190 1879 videre
2278 1836 2441 1878 non
2530 1806 2765 1880 licet.

494 1921 678 1985 Paul.
726 1942 787 2004 p.
844 1923 966 1983 104
1035 1922 1340 1984 iurare
1407 1919 1757 1982 flamini
1821 1918 2060 1982 Diali
2128 1919 2258 1983 fas
2330 1940 2484 1983 non
2556 1931 2762 1986 erat.
2815 1945 2931 1986 ioc

496 2025 668 2088 Plut.
717 2045 776 2107 q.
824 2045 874 2088 r.
924 2027 1004 2086 44
1051 2020 1154 2086 διοὲ
1217 2023 1282 2085 τί
1336 2028 1448 2109 τῷ
1507 2021 1727 2101 ἱερεῖ
1783 2028 1933 2085 τοῦ
1983 2019 2182 2097 Διός
2240 2021 2383 2085 ov’x
2441 2021 2770 2097 ἔξεστιν

496 2126 844 2208 ὀμόσαις
916 2126 1096 2192 Paul.
1143 2148 1200 2210 p.
1254 2128 1336 2190 82
1383 2149 1431 2190 s,
1479 2149 1540 2190 v.
1588 2123 1907 2190 ‘ederam':
1984 2147 2079 2190 ne
2153 2127 2497 2189 anulum
2576 2128 2760 2212 qui—
2889 2130 2927 2193 d

452 2222 679 2293 'dem
737 2252 1048 2314 gerere
1109 2231 1186 2293 ei
1230 2229 1637 2315 [saflamini
1679 2227 1910 2309 Diali]
1976 2229 2313 2294 licebat
2368 2228 2763 2293 solidum.

494 2335 677 2398 Paul.
754 2355 814 2417 p.
893 2337 1012 2397 106
1086 2334 1361 2416 ignem
1440 2355 1539 2398 ex
1626 2333 1869 2396 domo
1957 2332 2358 2397 flaminia
2447 2333 2761 2396 efferri
2895 2359 2929 2401 e

497 2460 654 2501 non
733 2439 1068 2502 licebat
1145 2437 1309 2501 nisi
1395 2437 1751 2500 divinae
1838 2439 1967 2501 rei
2054 2435 2759 2520 gratia.rInterpol.
2807 2439 2938 2504 151·

497 2541 670 2605 Serv.
744 2544 906 2606 Aen.
986 2542 1052 2606 II
1128 2546 1205 2607 53⁷
1287 2542 1560 2625 antiquis
1631 2590 1645 2605 .
1720 2590 1735 2604 .
1807 2542 2202 2604 caerimoniis
2277 2546 2537 2604 cautum
2614 2545 2766 2617 erat,

492 2666 586 2707 ne
652 2645 1001 2708 vinctus
1063 2645 1554 2708 flaminiam
1616 2645 2078 2723 introiret,
2138 2646 2208 2709 si
2270 2646 2764 2722 introisset,

497 2750 1011 2813 solveretur
1108 2751 1576 2832 vinclaque
1652 2769 1798 2833 per
1878 2747 2383 2833 impluvium
2475 2748 2764 2811 effun-

493 2852 912 2915 derentur
1017 2855 1278 2937 inque
1374 2854 1589 2915 viam
1687 2852 2133 2933 publicam
2238 2854 2763 2916 eicerentur.

495 2956 663 3019 Plut.
712 2978 770 3039 q.
823 2979 868 3020 r.
923 2959 1033 3018 111
1113 2958 1181 3018 εἰ
1246 2955 1327 3018 δὲ
1394 2953 1818 3035 δεσμώτης
1886 2955 2163 3038 φθαίη
2231 2956 2863 3041 προσελθηὶν,ρο

494 3056 815 3121 ἐ’.λυετο
993 3084 1190 3133 τους
1308 3059 1394 3121 δὲ
1513 3058 1876 3138 ὁεσμους
1991 3058 2229 3134 ἕκτος
2346 3057 2430 3124 οὗ
2558 3082 2762 3122 κατα

498 3159 807 3240 θύσας,
911 3153 1075 3223 ἀλλ’
1179 3159 1378 3243 ν’πὲρ
1468 3185 1607 3224 του
1712 3159 2051 3243 στέγους
2159 3158 2760 3247 ἀπερρίπτουν.

494 3422 760 3487 Interpol.
821 3421 974 3473 Serv.
1039 3423 1171 3472 Aen.
1236 3422 1288 3473 11
1353 3422 1417 3473 57
1481 3438 1612 3474 sane
1685 3438 1847 3489 saepe
1908 3424 2108 3474 dietum
2178 3432 2258 3473 est
2323 3423 2621 3490 Vergilium
2683 3425 2762 3476 in-

496 3516 659 3559 venta
702 3507 986 3558 occasione
1027 3510 1351 3560 mentionem
1395 3510 1525 3559 iuris
1565 3507 1892 3574 pontificalis
1945 3509 2128 3559 facere
2166 3491 2599 3576 in’quacumque
2635 3527 2761 3577 per·

495 3611 645 3645 sona.
723 3596 1046 3660 antiquis
1103 3595 1287 3661 itaque
1346 3595 1816 3645 caerimoniis
1856 3633 1867 3645 .
1907 3633 1918 3644 .
1959 3632 1971 3644 .
2011 3595 2444 3646 eicerentur.
2521 3595 2761 3648 flaminia

495 3687 673 3733 autem
716 3679 904 3729 «lomus
949 3680 1178 3730 flaminis
1217 3679 1434 3741 dicitur,
1472 3681 1802 3742 sicutregia
1838 3680 1982 3742 regia
2022 3680 2227 3732 domus.
2302 3682 2445 3733 Plut.
2482 3699 2529 3748 q.
2568 3700 2614 3733 r.
2654 3685 2759 3732 111

491 3768 564 3833 cf.
605 3768 732 3817 adn.
761 3767 850 3832 fr.
892 3768 1028 3818 241ι.
1125 3766 1277 3817 Paul.
1318 3784 1368 3832 p.
1407 3765 1479 3817 89.
1529 3767 1769 3818 flaminia
1827 3766 1990 3818 aedos
2047 3766 2235 3818 domus
2291 3768 2538 3818 flaminis'
2566 3768 2758 3820 Dialis.

490 4018 619 4060 runt
680 4009 817 4061 Scal.
869 4016 917 4060 et
980 4008 1102 4060 Urs‘.
1244 4010 1266 4044 2
1315 4006 1546 4073 sacrum]
1602 4009 1652 4059 in
1707 4024 1917 4060 sacrum
1971 4014 2091 4061 coni
2142 4010 2375 4076 Lipsius
2420 4012 2557 4062 elect.
2598 4010 2635 4060 I
2682 4016 2755 4064 21

491 4097 510 4129 ⁵
548 4096 757 4147 demitti
810 4096 938 4147 Ven.
991 4112 1039 4146 a.
1098 4098 1251 4146 1517.
1296 4093 1562 4157 Huschke,
1601 4095 1722 4147 Iur.
1763 4096 1964 4147 antei.⁴
1995 4113 2053 4162 p.
2093 4099 2127 4146 3
2167 4096 2362 4148 dimitti
2399 4098 2547 4160 codd,
2586 4096 2758 4147 Hertz

491 4180 512 4214 ⁶
550 4182 600 4231 in
643 4179 822 4247 apice]
862 4182 963 4233 nisi
1003 4182 1053 4231 in
1096 4183 1250 4247 apice
1289 4182 1633 4245 Bonyarsius
1671 4182 1726 4231 in
1766 4184 1945 4245 capite
1982 4183 2107 4247 Npr
2217 4182 2263 4217 1⁰
2302 4183 2444 4233 Diali
2481 4198 2546 4247 vy
2586 4184 2757 4234 Dialis

489 4266 614 4319 boni
647 4267 779 4318 codd
914 4269 961 4303 1⁸
1003 4267 1297 4318 imfluuium
1336 4267 1381 4318 G

2514 4391 2548 4441 4
