3407 5226
2736 466 2817 526 23

751 663 899 741 post
936 656 1347 719 Plutarchum
1387 655 1682 738 copiosus
1718 653 1797 718 de
1829 653 2097 718 flaminis
2133 653 2336 718 Dialis
2374 662 2437 718 et
2467 654 2820 718 flaminicae

543 761 939 824 caerimoniis
1005 766 1225 823 auctor
1287 764 1384 821 est
1445 758 1872 841 Interpolator
1932 757 2133 823 Servi.

544 887 754 928 rerum
804 863 1109 947 sartagini
1155 864 1306 926 satis
1351 862 1535 925 multi
1582 862 1707 926 loci
1751 861 2019 924 immixti
2066 871 2252 943 sunt,
2312 865 2419 946 qui
2468 884 2611 926 oum
2656 861 2820 925 Fabi

543 968 909 1050 fragmento
977 966 1110 1031 fere
1171 964 1253 1029 ad
1312 967 1580 1029 verbum
1648 966 2091 1044 consentiunt,
2158 967 2234 1031 cf.
2281 965 2589 1051 Interpol.
2639 965 2818 1030 Serv.

543 1071 708 1135 Aen.
756 1070 824 1135 II
870 1074 950 1134 57
1000 1069 1109 1152 (fr.
1158 1072 1238 1132 24
1270 1067 1346 1152 f),
1392 1068 1556 1133 Aen.
1606 1068 1712 1131 III
1760 1070 1881 1132 607
1931 1067 2037 1150 (fr.
2091 1070 2172 1132 24
2204 1070 2351 1152 h)1,
2400 1070 2563 1135 Aen.
2613 1069 2647 1132 I
2698 1072 2819 1132 179

545 1173 653 1257 (fr.
701 1177 781 1237 24
815 1177 906 1259 q),
952 1174 1116 1238 Aen.
1167 1172 1264 1236 IV
1298 1175 1418 1236 137
1469 1180 1532 1237 et
1577 1173 1715 1237 XII
1762 1174 1885 1237 602
1935 1172 2045 1257 (fr.
2096 1177 2176 1238 46
2210 1197 2254 1238 α
2282 1180 2344 1238 et
2373 1173 2464 1254 b),
2510 1174 2675 1238 Aen.
2723 1174 2821 1237 IV

549 1281 670 1342 646
717 1276 823 1360 (fr.
859 1280 941 1340 46
977 1275 1064 1361 c).
1154 1278 1356 1341 multo
1404 1297 1554 1340 vero
1603 1277 1915 1360 gravioris
1964 1277 2269 1341 momenti
2316 1299 2393 1341 ea
2436 1283 2605 1355 sunt,
2654 1297 2822 1361 quae

547 1402 831 1445 seorsum
865 1403 903 1444 a
944 1382 1168 1445 ceteris
1214 1380 1580 1445 auctoribus
1626 1381 1973 1446 memoriae
2022 1380 2301 1456 tradidit,
2350 1380 2527 1444 cuius
2573 1380 2823 1464 generis

546 1486 703 1548 haec
747 1492 926 1549 sunt:
977 1485 1142 1548 Aen.
1189 1484 1258 1546 ΙΙ
1307 1484 1385 1546 57
1434 1482 1542 1566 (fr.
1576 1487 1658 1547 24
1690 1484 1748 1562 f)
1794 1485 2074 1569 antiquis
2122 1532 2135 1547 .
2169 1531 2183 1545 .
2233 1485 2632 1547 caerimoniis
2679 1505 2825 1547 cau-

544 1596 678 1652 tum
710 1595 868 1669 erat,
899 1610 992 1652 ne
1037 1590 1358 1652 vinctus
1388 1587 1893 1670 flaminiam
1935 1589 2354 1669 introiret,
2400 1589 2458 1651 si
2485 1589 2824 1668 introisset,

545 1694 885 1756 solveretur
924 1713 979 1756 e.
1014 1713 1073 1775 q.
1109 1713 1198 1773 e.;
1245 1690 1410 1755 Aen.
1458 1690 1555 1754 IV
1589 1693 1715 1755 374
1763 1691 1871 1773 (fr.
1911 1689 2045 1773 16),
2094 1691 2201 1755 ubi
2245 1691 2515 1755 flaminis
2561 1691 2827 1754 flamini-

547 1818 790 1881 caeque
855 1795 1381 1860 confarreationis
1443 1796 1598 1860 ritus
1667 1797 2049 1879 exponitur3
2096 1796 2257 1859 Aen.
2306 1795 2337 1858 Ι
2388 1797 2509 1859 706
2557 1794 2660 1875 (fr.
2710 1793 2825 1876 25)

539 1901 790 1984 flamini
834 1900 1020 1979 Diali
1065 1919 1279 1964 mensa
1324 1901 1542 1964 inanis
1587 1901 1715 1962 non
1761 1899 2255 1983 anteponebatur
2274 1921 2300 1981 ,·
2342 1898 2507 1962 Aen.
2552 1898 2652 1961 IV
2700 1900 2827 1962 262

550 2005 650 2082 [fr.
681 2004 786 2083 17)
818 2007 1006 2068 veteri
1039 2054 1053 2068 .
1089 2053 1102 2067 .
1132 2003 1433 2087 i·eli9ione
1459 2004 1830 2086 pontificum
1874 2003 2390 2087 praecipiebatur
2433 2004 2826 2084 inauyurato

535 2108 795 2189 flamini
837 2114 1077 2190 vestem,
1123 2129 1281 2192 quae
1326 2108 1516 2171 laena
1563 2107 1910 2189 dicebatur,
1959 2129 1999 2170 a
2014 2107 2358 2193 flaminica
2390 2106 2515 2169 teoei
2546 2111 2829 2190 oportere

552 2234 608 2276 e.
657 2232 714 2294 q.
755 2235 804 2274 s.
852 2217 918 2275 et
947 2211 1114 2276 Aen.
1164 2210 1264 2275 IV
1310 2215 1433 2275 263
1483 2212 1591 2293 (fr.
1629 2213 1743 2289 18)
1790 2232 1944 2274 sane
1990 2209 2103 2273 hoc
2150 2211 2283 2273 loco
2324 2208 2537 2272 docuit
2564 2208 2830 2294 flamini

552 2336 593 2378 a
629 2317 964 2395 flaminica
989 2317 1150 2399 fieri
1193 2323 1414 2380 vestem
1462 2322 1776 2399 oportere,
1832 2316 2012 2377 cuius
2057 2316 2278 2377 lanam
2321 2315 2467 2394 ipsa
2506 2332 2623 2394 per
2668 2330 2729 2373 se
2774 2317 2832 2373 et

548 2439 692 2481 nere
747 2417 961 2482 debeat
1019 2426 1075 2482 et
1132 2426 1375 2502 teoeere;
1434 2420 1598 2483 Aen.
1647 2417 1744 2481 IV
1791 2421 1915 2481 518
1964 2417 2067 2498 (fr.
2113 2420 2228 2497 45)
2275 2437 2425 2480 sane
2452 2415 2831 2501 flaminicae

551 2542 675 2584 non
721 2521 941 2585 licebat
990 2572 1004 2586 .
1054 2573 1068 2586 .
1115 2543 1316 2604 supra
1382 2544 1547 2607 yenu
1609 2524 1991 2585 succinctam
2036 2541 2179 2584 esse.
2271 2520 2349 2583 ab
2391 2520 2491 2582 his
2538 2517 2828 2582 consulto

551 2627 884 2709 segregavi
934 2627 1092 2690 alios
1140 2632 1269 2690 tres
1307 2629 1506 2707 locos,
1561 2628 1668 2711 qui
1716 2626 1989 2690 Pictoris
2037 2626 2397 2709 fragmento
2446 2628 2668 2707 aperte
2717 2622 2830 2687 ob·
2909 2625 2912 2626 ⁷

550 2730 920 2813 loquuntur,
969 2751 1201 2814 nempe
1250 2729 1345 2793 hi:

2252 760 2431 823 cuius
2498 760 2819 822 variarum
2919 814 2924 819 ,

637 2938 796 3001 Aen.
832 2909 879 2999 '1
927 2940 1051 3003 305
1116 2935 1217 3018 (fr.
1270 2934 1384 3019 36)
1454 2939 1585 3001 vult

552 3042 870 3105 ostendere
913 3043 1146 3124 iyitur,
1173 3041 1441 3125 flamini
1486 3061 1586 3104 ex-

553 3150 658 3206 tra
716 3144 985 3206 medium
1039 3144 1388 3225 pomerium
1438 3149 1587 3225 post

1883 2935 2043 3000 Fabi
2089 2935 2163 2998 fr.
2211 2937 2294 2998 24
2339 2954 2415 3017 p:
2475 2934 2609 2996 sine
2656 2934 2834 3015 apice

1798 3039 1909 3103 sub
1940 3039 2080 3101 divo
2121 3059 2248 3102 esse
2278 3038 2521 3101 licitum
2550 3057 2680 3100 non
2710 3043 2832 3118 est3

1801 3142 1875 3205 cf.
1906 3143 1979 3205 fr.
2013 3144 2094 3204 35
2126 3141 2238 3205 sub
2280 3147 2433 3204 tecto
2478 3142 2574 3203 uti
2615 3141 2830 3204 liceret

552 3246 703 3310 solis
748 3267 1041 3310 occasum
1086 3248 1327 3329 apicem
1356 3267 1587 3329 ponere
1661 3318 1666 3323 ,

551 3371 677 3414 non
721 3350 925 3419 licere.

1800 3246 1918 3322 (sc,
1953 3247 2085 3309 sine
2123 3247 2300 3328 apice
2346 3244 2503 3328 esse)
2548 3265 2675 3308 non
2699 3245 2836 3326 pri-

1801 3349 1939 3412 dem
1957 3370 1997 3411 a
2012 3348 2415 3433 pontificibus
2436 3350 2838 3412 constitutum

1798 3452 2138 3515 Masurius
2184 3450 2459 3515 Sabinus
2503 3452 2783 3534 scripsit.

1886 3572 2048 3636 Fabi
2095 3572 2171 3637 fr.
2220 3575 2302 3634 24
2349 3578 2404 3634 t:
2461 3591 2722 3635 uxorem
2783 3573 2840 3634 si

1804 3677 2037 3758 amisit,
2064 3677 2380 3761 flamonio
2426 3675 2682 3739 decedit.

640 3575 803 3639 Aen.
853 3573 951 3637 IV
990 3575 1072 3636 29
1123 3573 1226 3655 (fr.
1275 3574 1390 3652 37)
1438 3594 1590 3637 sane

554 3678 953 3742 caerimoniis
998 3683 1270 3741 veterum
1296 3678 1588 3762 flamini·

763 3984 779 4017 ¹
820 4000 943 4036 cum
996 3984 1052 4034 in
1107 3982 1247 4033 Fabi
1284 3982 1352 4033 fr.
1390 3980 1458 4034 24
1495 3984 1533 4033 h
1589 3980 1858 4047 scriptum
1913 3981 1985 4032 sit
2036 3984 2091 4033 si
2142 3982 2264 4045 quis
2317 3980 2391 4029 ad
2444 3980 2840 4031 verberandum

557 4071 798 4130 ducatur,
837 4073 890 4122 si
926 4068 996 4119 ad
1031 4070 1196 4135 pedes
1234 4072 1351 4121 eius
1389 4069 1623 4133 supplex
1654 4066 2038 4133 procubuerit,
2074 4081 2144 4117 eo
2182 4066 2296 4117 die
2333 4065 2616 4117 verberari
2644 4068 2838 4130 piacu-

558 4157 667 4206 lum
706 4162 814 4221 est,
870 4155 1017 4222 apud
1053 4156 1317 4222 Interpol.
1356 4154 1507 4206 Serv.
1547 4155 1685 4205 Aen.
1725 4153 1812 4203 III
1848 4152 1948 4205 607
1986 4156 2107 4204 iure
2162 4157 2339 4202 autem
2389 4152 2732 4216 pontificali,
2789 4154 2842 4203 si

556 4246 680 4306 quis
696 4243 927 4307 flamini
943 4242 1114 4307 pedes
1138 4242 1221 4292 vel
1243 4257 1422 4305 yenua
1435 4240 1649 4306 fuisset
1668 4240 1977 4305 amplam,
2014 4253 2134 4288 eum
2169 4236 2452 4289 verberari
2487 4252 2596 4287 non
2635 4235 2839 4301 licebat,

558 4326 614 4377 in
653 4328 948 4393 propatulo
989 4331 1073 4379 est
1107 4329 1211 4379 hoc
1248 4329 1605 4394 praeceptum
1646 4324 1795 4392 apud
1825 4324 2287 4391 Interpolatorem
2324 4324 2465 4374 male
2504 4321 2841 4388 exscriptum

558 4428 697 4465 esse.
751 4413 916 4482 simili
963 4414 1320 4480 neglegentia
1366 4413 1632 4479 Interpol.
1673 4411 1827 4463 Serv.
1864 4411 2002 4462 Aen.
2041 4410 2121 4462 IV
2162 4409 2258 4462 137
2298 4406 2388 4475 (fr.
2419 4406 2499 4473 10)
2550 4408 2839 4476 scripsisse

563 4501 779 4558 videtur
817 4496 1093 4552 ‘arculum'
1129 4515 1230 4568 pro
1267 4496 1626 4567 ‘inarculum’‚
1665 4499 1735 4551 cf.
1772 4498 1932 4551 Paul.
1967 4513 2021 4566 p.
2063 4496 2163 4549 113
2200 4512 2242 4550 s,
2282 4513 2329 4548 v.
2368 4491 2721 4550 ‘inarculum'.
