3407 5226
2713 418 2795 489 13

512 599 595 673 ab
684 599 804 676 hac
890 604 1197 694 religione
1285 603 1497 676 aliena
1597 620 1747 675 sunt
1782 605 1843 677 ¹:
1938 605 2051 677 sed
2161 608 2331 679 haud
2437 613 2794 701 abicienda,

517 719 730 802 qualia
804 717 886 780 ad
978 736 1199 780 omnes
1292 714 1655 780 sacerdotes
1765 717 2145 801 pertinuisse
2231 720 2537 804 suspicari
2624 719 2793 803 licet,

517 841 664 885 eum
753 819 1119 900 rettulisse,
1210 838 1355 882 cum
1442 816 1610 884 Aen.
1685 817 1721 881 I
1795 821 1922 883 329
2014 828 2271 897 cautum
2360 843 2503 888 esse
2592 824 2793 890 adno-

522 929 721 1006 taret,
797 945 880 989 ne
941 920 1234 987 sacerdos
1295 919 1610 1005 Apollinis
1671 920 1931 987 domum
1989 923 2467 1008 ingrederetur,
2543 926 2604 990 in
2669 946 2794 1011 qua
2904 963 2912 972 ·

519 1032 670 1091 ante
737 1026 1020 1110 quintam
1088 1023 1259 1090 diem
1325 1024 1518 1088 funus
1586 1024 1811 1089 fuisset
1879 1024 1984 1109 (fr.
2055 1024 2168 1110 1),
2240 1028 2317 1093 fr.
2383 1030 2458 1092 61
2533 1028 2795 1095 demon-

520 1134 678 1195 strat
697 1128 745 1196 ².
835 1148 1043 1214 neque
1089 1132 1261 1193 caret
1304 1126 1753 1211 similitudine,
1799 1129 1970 1214 quod
2018 1128 2401 1195 Laurentius
2445 1132 2665 1217 Lydus
2711 1132 2792 1197 de

522 1252 718 1297 mens.
765 1231 800 1295 I
844 1234 923 1296 31
975 1238 1190 1297 narrat
1235 1230 1514 1295 Numam
1561 1232 1999 1314 constituisse,
2046 1237 2120 1296 ut
2164 1233 2529 1299 sacerdotes
2574 1238 2793 1302 aeneis

521 1336 759 1418 cultriS,
785 1331 936 1400 'non
981 1334 1207 1400 ferreis
1252 1334 1669 1400 tonderentur
1716 1334 1822 1417 (fr.
1850 1336 1939 1418 2),
1985 1337 2036 1399 si
2084 1357 2227 1401 cum
2284 1336 2466 1422 Lydo
2518 1337 2594 1403 fr.
2627 1340 2708 1402 24
2752 1339 2793 1420 i,

521 1439 693 1523 quod
739 1444 837 1504 est
881 1437 962 1502 de
1018 1438 1275 1502 flamine
1319 1437 1525 1520 Diali,
1593 1439 1983 1523 comparasss.
2079 1439 2503 1505 caerimoniae
2561 1445 2794 1524 autem,

520 1562 683 1626 quae
727 1541 825 1605 his
869 1541 1224 1626 praeceptis
1292 1539 1735 1624 continentur,
1794 1541 1953 1606 tales
2017 1548 2199 1625 sunt,
2260 1548 2333 1606 ut
2388 1543 2573 1608 facile
2617 1543 2796 1611 nobis

519 1645 1016 1729 persuadeamus
1060 1644 1126 1708 in
1170 1643 1346 1709 libris
1394 1644 1472 1708 de
1517 1644 1956 1709 sacerdotibus
2016 1644 2286 1730 publicis
2346 1668 2457 1712 eas
2501 1647 2794 1711 omnibus

521 1746 958 1811 sacerdotibus
1020 1752 1395 1831 praeceptas
1462 1746 1689 1811 fuisse:
1757 1746 1980 1831 quales
2037 1754 2374 1832 praeterea
2440 1749 2795 1834 complures

525 1849 819 1915 omnibus
865 1848 1300 1914 sacerdotibus
1346 1870 1386 1912 a
1428 1847 1838 1931 pontificibus
1906 1851 2330 1936 praescriptas
2392 1851 2592 1917 fuisse
2649 1873 2798 1937 pro-

524 1952 702 2018 clivis
731 1952 1098 2019 coniectura
1129 1959 1246 2032 est,
1277 1952 1474 2016 veluti
1500 1950 1812 2016 Mercklin
1837 1948 2080 2034 (annal.
2105 1953 2324 2037 philol.
2350 1974 2494 2018 now
2520 1953 2795 2036 LXXV,

526 2059 689 2121 1857
739 2079 800 2141 p.
851 2054 1009 2139 632)
1068 2062 1136 2120 et
1193 2055 1569 2141 Marquardt
1623 2054 1909 2137 (Euchir.
1976 2063 2106 2121 ant.
2168 2077 2325 2121 rom.
2369 2057 2516 2121 V12
2560 2079 2619 2142 p.
2669 2060 2794 2122 316

520 2159 670 2225 adn.
707 2160 773 2241 7)
820 2161 1049 2225 merito
1095 2159 1401 2245 suspicati
1445 2165 1592 2223 sunt
1638 2180 1861 2224 omnes
1907 2158 2276 2226 sacerdotes
2322 2162 2602 2246 corporis
2628 2161 2796 2227 vitiis

524 2284 738 2329 carere
783 2264 1114 2346 debuisse,
1179 2262 1345 2348 quod
1407 2264 1469 2326 in
1517 2261 1865 2347 virginibus
1913 2261 2285 2328 Vestalibus
2330 2263 2440 2342 (fr.
2489 2268 2570 2329 65
2618 2262 2684 2348 c)
2730 2270 2797 2330 et

519 2368 584 2431 in
631 2366 996 2432 cui-ionibus
1044 2365 1143 2449 (fr.
1193 2365 1307 2447 86)
1354 2365 1764 2449 exigebatur.
1857 2365 2143 2429 consulto
2208 2385 2247 2429 a
2289 2365 2793 2449 fragmentorum

521 2470 905 2535 collectione
950 2469 1180 2533 seclusi
1225 2467 1397 2534 Fest.
1445 2489 1507 2553 p.
1556 2469 1679 2532 313
1728 2474 2029 2552 stroppus
2072 2475 2181 2549 est,
2225 2476 2296 2532 ut
2339 2472 2563 2535 Ateius
2587 2469 2800 2541 Phico-

521 2574 705 2658 loqus
750 2573 1101 2656 existimat,
1146 2572 1310 2657 quod
1353 2571 1593 2637 Graece
1639 2570 1933 2657 στρόφιον
1977 2579 2242 2637 vocatur
2286 2579 2342 2636 et
2386 2574 2551 2658 quod
2593 2594 2797 2640 sacer-

521 2678 692 2742 dotes
732 2697 855 2760 pro
900 2677 1143 2760 insiyni
1186 2676 1411 2741 habent
1456 2678 1526 2740 in
1573 2677 1795 2759 capite,
1843 2695 1986 2739 cum
2025 2675 2105 2740 ad
2139 2696 2299 2761 quos
2332 2677 2700 2743 sacerdotes
2731 2677 2797 2741 id

521 2781 837 2867 pertineat
885 2780 1225 2846 obscurum
1274 2780 1357 2844 sit
1372 2779 1419 2845 4.

729 2883 852 2966 his,
898 2905 1060 2969 quae
1106 2885 1464 2968 generatim
1512 2883 1806 2949 omnibus
1852 2881 2291 2947 sacerdotibus
2323 2883 2799 2969 praecipieban-

531 2994 656 3070 tur,
704 2986 1213 3051 subnectendum
1259 2987 1461 3051 visum
1512 2991 1609 3052 est
1641 2985 1715 3050 fr.
1740 2990 1799 3066 4,
1830 3006 1956 3071 quo
2005 2986 2157 3051 ordo
2203 2987 2610 3052 sacerdotum
2655 3008 2801 3073 pro—

526 3091 818 3174 ponitur:
865 3091 1035 3173 quod
1087 3097 1157 3154 ut
1201 3090 1539 3175 pontificiis
1586 3090 1668 3154 de
1714 3089 2146 3154 sacerdotibus
2192 3091 2658 3155 commentariis
2703 3097 2798 3156 at-

525 3193 800 3257 tribuam
881 3201 1054 3257 certo
1136 3193 1366 3258 horum
1439 3193 1742 3258 librorum
1820 3192 2186 3258 testimonio
2255 3193 2569 3258 adductus
2636 3215 2796 3260 sum.

525 3318 720 3381 super
781 3297 1100 3361 flaminem
1173 3295 1338 3362 enim
1385 3296 1636 3362 Dialem
1682 3297 1747 3359 in
1792 3295 2094 3360 conviviis
2141 3296 2259 3361 nisi
2304 3316 2520 3379 regem
2566 3299 2799 3362 sacrifi-

739 3507 754 3541 ¹
792 3505 1216 3573 Interpolatoris
1269 3504 1425 3558 Servi
1481 3520 1603 3556 cum
1658 3504 1826 3556 Festo
1881 3507 2238 3571 concentum,
2292 3519 2400 3571 quo
2453 3518 2623 3570 saepe
2676 3503 2801 3571 ipsa

527 3593 682 3646 Festi
719 3593 891 3646 verba
927 3593 995 3645 ab
1034 3592 1129 3644 illo
1167 3592 1577 3659 exprimantur,
1630 3590 1757 3642 inde
1794 3590 2153 3658 repetendum
2191 3603 2332 3656 esse,
2368 3589 2513 3656 quod
2548 3588 2802 3657 Interpo-

526 3679 720 3732 latoris
757 3681 948 3731 auctor
987 3693 1047 3730 re
1084 3693 1220 3731 vera
1254 3677 1424 3730 libros
1462 3677 1530 3729 de
1567 3677 1860 3729 verborum
1897 3675 2210 3743 significatu
2247 3675 2605 3741 expilaverit,
2654 3675 2801 3729 infra

524 3780 577 3831 p.
615 3763 683 3816 24
721 3779 1011 3831 exponam.

729 3852 751 3884 ²
789 3850 856 3902 de
895 3849 1001 3902 fide
1038 3849 1461 3918 Interpolatoris
1511 3849 1739 3916 eiusque
1794 3848 2108 3901 auctoribus
2155 3847 2302 3900 infra
2335 3865 2391 3916 p.
2428 3845 2499 3901 23
2533 3862 2651 3916 sqq.
2691 3847 2802 3901 dis·

521 3931 774 4004 putatum
810 3940 910 3989 est.

733 4022 754 4056 ⁸
791 4022 936 4089 quod
973 4021 1171 4087 Bruns,
1208 4021 1411 4073 Fontes
1450 4021 1584 4073 iuris
1622 4036 1757 4073 rom.
1797 4021 1947 4073 ant.⁴
1985 4037 2037 4088 p.
2071 4021 2105 4074 9
2141 4037 2191 4073 n.
2233 4019 2262 4071 7
2301 4022 2407 4072 hoc
2443 4023 2804 4088 praeceptum

526 4107 669 4161 inter
703 4108 858 4174 leges
894 4107 1108 4160 Numae
1145 4108 1389 4174 rettulit,
1447 4108 1599 4160 nulla
1635 4106 1691 4157 id
1728 4106 1927 4159 idonea
1961 4123 2132 4160 causa
2166 4106 2316 4173 fecit,
2354 4123 2475 4159 cum
2512 4107 2581 4160 de
2619 4122 2803 4160 sacer-

528 4192 743 4245 dotibus
780 4194 996 4246 sancire
1035 4210 1070 4246 a
1103 4193 1322 4261 legibus
1359 4192 1572 4245 Numae
1609 4193 1774 4260 plane
1812 4191 2048 4244 alienum
2086 4195 2250 4245 esset.

730 4279 753 4314 ⁴
786 4279 944 4331 nimis
983 4279 1206 4331 dubium
1243 4282 1345 4346 est,
1383 4277 1528 4346 quod
1564 4277 1797 4330 Mueller
1834 4277 1906 4330 ad
1942 4278 2098 4331 Paul.
2133 4295 2189 4346 p.
2226 4277 2329 4330 204
2364 4278 2616 4346 pellis-em
2650 4277 2799 4341 yale·

523 4379 669 4431 rum,
705 4368 834 4431 quia
865 4365 1035 4430 fiebat
1071 4381 1141 4417 ex
1169 4365 1314 4432 pelle
1351 4365 1580 4418 adnotat
1615 4361 1901 4431 ‘pl-iseum,
1936 4368 1998 4417 ut
2031 4364 2279 4429 videtur,
2316 4364 2656 4430 vocabulum,
2694 4379 2801 4430 quo

525 4448 874 4503 sacerdotum
911 4451 1134 4516 galerus
1176 4449 1625 4518 significabatur’.
