3407 5226
2739 483 2813 546 11

545 674 848 739 vetitum?
892 675 1072 737 nulla
1121 675 1197 737 cle
1240 694 1308 736 eo
1341 675 1571 757 populi
1612 675 1793 754 scita,
1840 694 1966 736 non
2011 675 2082 736 in
2126 673 2377 737 libris
2422 673 2821 736 caerimo-

548 780 876 841 niarum
934 779 1208 860 reperiri
1255 828 1269 842 .
1307 829 1321 841 .
1359 827 1373 841 .
1412 779 1692 860 privatis
1740 778 1887 840 olim
1930 776 2355 841 simultatibus
2401 775 2707 859 effectum,
2750 782 2822 841 ut

550 902 590 944 a
626 881 1027 964 pontificibus
1071 882 1366 944 matti-mis
1411 882 1506 943 ire
1566 882 1634 943 in
1672 882 2046 962 provincias
2084 880 2587 962 prohiberentur,
2634 879 2823 943 libro-

551 1005 692 1046 rum
737 984 1301 1061 caerimoniarum,
1349 983 1387 1048 i.
1436 1005 1490 1048 0.
1541 984 1847 1046 librorum
1897 985 2002 1067 qui
2049 988 2231 1047 erant
2275 982 2355 1046 de
2403 983 2821 1063 caerimoniis,

551 1088 806 1161 nomine
852 1088 1224 1172 pontificum
1274 1087 1354 1149 de
1398 1087 1842 1151 sacerdotibus
1888 1086 2082 1150 libros
2130 1106 2167 1148 a
2198 1085 2422 1149 Tacito
2472 1085 2821 1169 nuncupari

550 1189 885 1256 existimo:⁴
929 1199 1100 1254 certe
1134 1213 1216 1253 ex
1250 1191 1344 1254 his
1378 1191 1729 1274 desumpsit
1753 1191 2043 1255 Tiberius
2076 1190 2441 1274 pontificum
2473 1189 2821 1267 decretum,

549 1315 673 1378 quo
709 1295 1166 1377 Maluginensis
1196 1294 1332 1357 sive
1363 1294 1825 1376 impudentiam
1862 1294 1991 1357 sive
2037 1293 2467 1375 ignorantiam
2511 1293 2821 1357 refutavit

549 1397 841 1483 ‘quotiens
886 1419 1011 1462 non
1055 1398 1338 1462 valitudo
1387 1399 1654 1462 adversa
1686 1399 2013 1480 flaminem
2045 1397 2299 1461 Dialem
2343 1399 2708 1477 incessisset,
2753 1403 2823 1460 ut

541 1503 862 1584 pontificis
906 1501 1174 1564 maximi
1213 1500 1481 1564 arbitrio
1516 1502 1672 1582 plus
1717 1522 1904 1584 quam
1951 1500 2285 1563 binoctium
2335 1499 2599 1575 abesset,
2672 1500 2822 1574 dum

547 1624 622 1667 ne
665 1604 881 1678 diebus
925 1604 1173 1687 publici
1236 1606 1542 1686 sacrificii
1602 1625 1721 1667 neu
1787 1606 2039 1688 saepius
2083 1625 2272 1689 quam
2316 1604 2410 1667 bis
2453 1603 2714 1668 eundem
2757 1605 2826 1667 in

547 1709 801 1773 annum’
848 1707 1032 1790 (Tac.
1081 1729 1227 1771 ann.
1273 1707 1379 1771 III
1429 1710 1527 1785 71,
1573 1707 1649 1771 fr.
1701 1711 1815 1785 34)
1843 1710 1880 1782 ¹„

755 1837 825 1892 ut
871 1850 1023 1892 vero
1069 1849 1237 1892 nunc
1283 1828 1362 1892 de
1409 1828 1651 1891 ambitu
1696 1829 2000 1894 librorum
2037 1830 2115 1892 de
2150 1828 2591 1893 sacerdotibus
2630 1850 2822 1912 quae-

552 1951 787 2013 ramuS,
831 1932 1102 2016 primum
1135 1931 1291 1994 illud
1325 1931 1670 1995 tenendum
1720 1940 1836 2014 est,
1888 1933 2060 2017 quod
2092 1932 2331 1996 Fabius
2364 1954 2476 1996 eos
2509 1931 2587 1995 de
2619 1954 2823 1996 sacer-

551 2033 807 2098 dotibus
863 2035 1254 2119 publicis
1312 2038 1699 2120 compositos
1752 2057 1891 2099 esse
1936 2036 2108 2100 dicit.
2200 2037 2323 2099 hoc
2367 2056 2596 2099 nomen
2647 2035 2817 2119 apud

548 2138 882 2220 pontifices
928 2137 1236 2202 sollemne
1283 2138 1478 2202 fuisse
1523 2139 1586 2202 in
1642 2139 1784 2202 Livi
1831 2138 2106 2204 historiis
2153 2161 2249 2219 ea,
2297 2161 2461 2223 quae
2509 2138 2820 2222 probabili

547 2242 794 2305 ratione
859 2242 937 2305 ad
1000 2242 1265 2306 annales
1335 2243 1644 2306 maximos
1714 2243 2114 2323 referuntur,
2184 2242 2418 2306 diserte
2486 2248 2820 2322 testantur,

547 2346 742 2409 veluti
772 2344 1005 2409 XXVI
1039 2348 1140 2424 23,
1179 2349 1212 2409 7
1265 2345 1345 2410 de
1397 2346 1740 2411 decemviri
1786 2367 2129 2426 sacrorum,
2176 2346 2515 2430 pontificis,
2560 2346 2819 2428 auguris

548 2450 858 2514 mortibus
896 2450 991 2514 his
1023 2450 1235 2516 verbis
1269 2458 1566 2513 narratur
1605 2450 1962 2514 sacerdotes
1999 2449 2242 2532 publici
2287 2451 2620 2533 aliquot‘eo
2652 2468 2820 2511 anno

545 2552 858 2617 demortui
917 2561 1102 2632 sunt,
1163 2554 1242 2619 cf.
1287 2555 1485 2619 XLII
1531 2558 1636 2638 28,
1688 2558 1769 2619 10
1822 2577 1887 2619 eo
1948 2575 2117 2619 anno
2179 2554 2532 2618 sacerdotes
2578 2552 2825 2635 publici

544 2658 779 2719 mortui
821 2656 899 2721 L.
946 2660 1255 2722 Aemilius
1288 2658 1510 2742 Papus
1537 2660 1706 2723 Xvir
1748 2679 2073 2723 sacrorum
2121 2665 2178 2722 et
2221 2658 2293 2737 Q.
2327 2656 2601 2722 Fulvius
2633 2656 2823 2719 Flac-

549 2780 658 2823 cus
697 2760 1034 2844 pontifeff.
1099 2770 1393 2846 apertum
1428 2771 1652 2827 autem
1703 2771 1798 2827 est
1846 2761 2213 2826 sacerdotes
2259 2761 2550 2847 publicos
2598 2781 2819 2823 omnes

548 2884 651 2927 eos
699 2864 917 2945 fuisse,
965 2867 1073 2949 qui
1118 2866 1474 2929 sacerdotio
1533 2866 1790 2950 publica
1853 2867 2075 2949 populi
2119 2865 2395 2930 Romani
2440 2864 2822 2932 auctoritate

548 2967 891 3030 constituto
939 2968 1373 3051 fungerentur,
1423 2991 1669 3055 nempe,
1716 2970 1769 3033 si
1813 2970 2053 3034 liberae
2099 2968 2481 3053 reipublicae
2529 2974 2823 3049 tempora

546 3070 938 3154 respicimuS,
985 3070 1134 3135 hos:
1180 3093 1414 3156 regem,
1445 3060 2140 3156 flamines,‘pontifices,
2188 3071 2514 3155 epulones,
2546 3070 2822 3153 virgines

548 3170 876 3255 Vestales,
920 3193 1228 3256 augures,
1277 3175 1668 3239 decemviros
1717 3177 1855 3241 sive
1901 3175 2429 3259 quindecimviros
2475 3194 2822 3253 sacrorum,

547 3276 1267 3356 fetiales,salios,fratres
1293 3279 2503 3365 arvales,lupercos,curiones,tribunos
2524 3278 2821 3357 celerum,

488 3407 501 3413 ²
550 3378 804 3443 sodales
833 3379 1054 3445 Titios.
1106 3404 1187 3447 ex
1220 3381 1316 3444 his
1348 3405 1487 3463 rex,
1518 3383 1827 3465 flamineS,
1861 3384 2137 3467 virgines
2164 3382 2484 3463 Vestales,
2516 3381 2823 3464 epulones

545 3484 865 3549 artissimo
926 3486 1178 3550 vinculo
1241 3508 1388 3550 cum
1447 3487 1819 3570 pontificum
1888 3487 2158 3570 collegio
2220 3485 2539 3550 coniuncti
2600 3492 2820 3567 erant3

754 3741 775 3774 ²
810 3742 878 3793 cf.
917 3758 972 3808 p.
1009 3739 1078 3793 25
1115 3744 1171 3792 et
1225 3741 1292 3792 de
1347 3741 1540 3793 critica
1590 3740 1801 3793 decreti
1837 3741 2052 3794 ratione
2089 3740 2539 3793 commentarium
2574 3740 2824 3792 criticum

545 3827 844 3895 fragmenti
879 3826 964 3880 34.

751 3914 774 3946 ²
809 3914 880 3965 cf.
921 3911 1032 3965 Cic.
1071 3914 1138 3965 de
1176 3913 1334 3964 domo
1376 3915 1422 3979 1,
1464 3914 1484 3963 1
1526 3930 1644 3965 cum
1680 3914 1853 3963 multa
1889 3914 2194 3978 divinitus,
2223 3914 2547 3979 pontifices,
2587 3929 2622 3963 a
2658 3915 2825 3964 maio-

546 3999 701 4051 ribus
736 4002 945 4051 nostris
983 4002 1207 4051 inventa
1242 4005 1398 4065 atque
1434 4003 1687 4051 instituta
1724 4005 1886 4063 sunt,
1936 4005 2049 4050 tum
2085 4000 2231 4051 nihil
2260 4000 2629 4064 praeclarius,
2665 4015 2825 4065 quam

549 4086 687 4154 quod
725 4086 928 4138 eosdem
965 4091 1014 4136 et
1050 4086 1410 4149 reliyionibus
1445 4085 1667 4136 deorum
1702 4085 2096 4137 immortalium
2134 4091 2181 4135 et
2218 4100 2456 4135 summae
2494 4084 2823 4150 reipublicae

548 4186 799 4235 praeesse
835 4172 1150 4235 voluerunt,
1197 4177 1257 4224 ut
1311 4170 1647 4237 amplissimi
1682 4176 1732 4221 et
1766 4170 2070 4222 clarissimi
2103 4173 2244 4222 cives
2278 4170 2664 4235 rempublicam
2701 4186 2823 4223 con-

550 4262 845 4329 servarent.
905 4256 1042 4322 quod
1067 4258 1121 4307 si
1143 4257 1256 4307 ullo
1281 4263 1516 4321 tempore
1551 4256 1754 4320 mayna
1791 4271 1958 4306 causa
1998 4260 2056 4308 in
2095 4256 2539 4307 sacerdotum
2570 4256 2825 4321 populi

556 4340 858 4392 Romani
903 4343 1103 4395 iudicio
1152 4359 1213 4394 ac
1254 4349 1521 4409 potestate
1569 4349 1791 4394 versata
1842 4348 1949 4407 est,
1998 4343 2127 4393 haec
2155 4341 2404 4408 profecto
2439 4347 2593 4393 tanta
2630 4348 2725 4406 est,
2761 4349 2822 4393 ut

549 4429 727 4477 omn-is
752 4426 1082 4492 reipublicae
1106 4429 1350 4493 diynitas
1376 4468 1388 4481 .
1416 4465 1430 4480 .
1457 4436 1667 4481 vestrae
1706 4431 2012 4495 sapientiae
2045 4431 2332 4481 commissa
2366 4428 2672 4493 creditaque
2708 4444 2823 4481 esse

543 4512 808 4566 videatur.
