3407 5226
2774 455 2818 535 ,7

549 635 678 700 iam
723 655 865 697 cum
911 633 1081 718 apud
1128 634 1407 699 Gellium
1453 657 1513 698 n.
1539 657 1594 700 a.
1619 635 1685 699 X
1716 639 1815 719 15,
1850 639 1880 700 1
1933 637 2090 702 haec
2134 645 2357 704 extent
2405 642 2822 707 caerimoniae

552 739 877 821 impositae
910 738 1168 819 flamini
1210 737 1398 803 Diali
1440 741 1690 820 multae,
1735 742 1877 804 item
1925 748 2137 805 castus
2200 744 2609 827 multipliceS,
2668 767 2824 831 quos

550 843 619 905 in
664 841 864 921 libris,
908 843 1019 926 qui
1065 842 1140 905 de
1183 842 1608 907 sacerdotibus
1645 844 1920 930 publicis
1964 848 2290 929 compositi
2342 855 2490 911 sunt
2502 897 2522 929 ,
2567 850 2709 912 item
2753 850 2825 912 in

554 945 746 1009 Fabii
787 944 1066 1009 Pictoris
1121 945 1429 1010 librorum
1483 949 1695 1031 primo
1753 951 2025 1033 scriptos
2085 951 2347 1034 leyimus
2365 1000 2385 1032 ,
2448 952 2615 1016 unde
2671 952 2824 1016 haec

546 1051 755 1135 ferme
784 1057 931 1113 sunt
949 1098 965 1129 ,
1012 1070 1171 1134 qaae
1202 1053 1731 1114 commeminimus
1761 1073 1817 1116 e.
1836 1073 1901 1139 q.
1934 1074 2005 1134 s.,
2051 1052 2170 1117 hoc
2199 1054 2335 1118 loco
2366 1055 2825 1138 pontificiorum

555 1154 855 1219 librorum
901 1161 1143 1218 certum
1186 1175 1391 1237 genus
1435 1176 1551 1219 suo
1599 1156 1852 1219 nomine
1914 1157 2227 1239 appellari
2284 1160 2522 1242 optime
2583 1160 2827 1243 opinati

557 1265 703 1323 sunt
758 1258 1147 1339 Ambrosch,
1215 1258 1551 1322 Observat.
1611 1280 1675 1342 p.
1730 1260 1807 1321 13
1869 1259 2082 1325 adnot.
2130 1262 2248 1340 59,
2305 1261 2631 1326 Luebbert
2674 1263 2716 1327 l.
2763 1263 2827 1344 l.,

556 1374 825 1447 quorum
871 1361 1038 1426 bona
1082 1362 1340 1426 inventa
1386 1382 1553 1425 nunc
1597 1382 1802 1445 paene
1848 1363 2139 1445 neglecta
2185 1364 2423 1445 iacent,
2482 1387 2627 1430 cum
2670 1366 2742 1446 is,
2788 1388 2828 1430 a

557 1487 679 1550 quo
724 1465 911 1530 hodie
954 1486 1166 1529 rerum
1210 1464 1428 1548 populi
1473 1463 1748 1528 Romani
1793 1486 2115 1528 sacrarum
2159 1467 2385 1530 notitia
2427 1489 2466 1531 a
2510 1469 2827 1553 plerisque

556 1571 690 1655 peti
769 1570 973 1649 solet,
1042 1568 1408 1633 Joachimus
1467 1568 1842 1655 Marquardt
1902 1569 1968 1632 in
2028 1569 2352 1635 Enchirid.
2412 1571 2608 1655 antiq.
2673 1594 2827 1636 rom.

556 1673 698 1737 V12
742 1695 805 1758 p.
855 1675 980 1736 300
1042 1673 1255 1737 adnot.
1307 1674 1335 1734 1
1388 1673 1745 1755 praefracte
1804 1674 2136 1756 negaverit
2197 1674 2347 1739 istos
2408 1674 2606 1739 libros
2664 1676 2830 1740 inter

559 1778 910 1864 pontificios
977 1777 1172 1841 fuisse
1194 1777 1234 1840 ¹.
1325 1775 1435 1840 sed
1493 1783 1564 1839 ut
1623 1775 2042 1840 Ambroschio
2086 1783 2151 1841 et
2194 1777 2560 1843 Luebberto
2619 1786 2831 1864 patro-

559 1884 840 1947 cinemur
914 1886 1126 1944 movet
1191 1880 1501 1963 imprimis
1559 1879 1722 1943 Fabi
1780 1880 2054 1944 Pictoris
2121 1902 2349 1945 nomen
2425 1903 2569 1945 cum
2640 1883 2830 1948 libro-

559 2005 731 2061 rum,
791 1985 901 2068 qui
945 1981 1024 2047 de
1069 1982 1500 2047 sacerdotibus
1557 1983 1827 2067 publicis
1886 1985 2220 2068 compositi
2279 1990 2426 2048 sunt
2448 2035 2464 2067 ,
2527 1987 2831 2050 memoria

559 2087 730 2172 apud
762 2086 1043 2150 Gellium
1091 2087 1181 2150 ita
1227 2087 1647 2161 coniunctum,
1691 2093 1766 2150 ut
1796 2088 2111 2177 Pictorem
2159 2109 2256 2171 ea,
2303 2110 2466 2173 quae
2511 2088 2591 2153 de
2636 2091 2831 2154 caeri-

560 2191 784 2255 moniis
828 2196 893 2255 et
938 2189 1216 2254 caetibus
1262 2191 1533 2254 flaminis
1580 2190 1785 2255 Dialis
1831 2197 1895 2255 et
1940 2192 2293 2256 flaminicae
2338 2192 2636 2278 deinceps
2680 2192 2833 2257 affe·

557 2300 802 2376 runtur,
848 2316 884 2359 e
928 2293 1105 2357 libris
1149 2294 1285 2358 istis
1330 2293 1747 2378 desumpsisse
1795 2295 2200 2358 manifestum
2244 2297 2346 2361 sit.
2408 2296 2570 2360 Fabi
2614 2303 2829 2361 autem

560 2399 873 2463 ‘librorum
919 2392 1230 2480 primum',
1278 2417 1467 2481 quem
1514 2396 1761 2461 Gellius
1805 2397 2121 2476 nominat,
2170 2397 2278 2462 diu
2324 2400 2645 2483 cognitum
2691 2400 2832 2465 est2

561 2524 686 2568 non
729 2522 915 2586 posse
961 2521 1086 2565 non
1149 2521 1290 2564 esse
1348 2501 1622 2584 primum
1680 2522 1933 2581 eorum,
1999 2490 2155 2585 quos
2203 2500 2282 2565 de
2326 2502 2461 2565 iure
2505 2503 2831 2586 pontificio

561 2607 742 2671 illum
799 2604 1130 2688 scripsisse
1186 2608 1433 2668 veteres
1498 2603 1888 2668 testantur3:
1949 2604 2059 2689 qui
2118 2602 2285 2669 idem
2331 2604 2492 2669 liber
2536 2627 2576 2669 a
2621 2605 2830 2671 Gellio

560 2733 621 2775 n.
669 2731 727 2774 a.
775 2708 810 2771 I
855 2711 957 2789 12,
1007 2709 1087 2771 14
1133 2706 1451 2771 inducitur
1495 2708 1566 2770 in
1609 2707 1768 2771 libro
1808 2708 2021 2790 primo
2066 2707 2259 2772 Fabii
2302 2708 2615 2790 Pictoris,
2674 2731 2833 2794 quae

561 2811 744 2878 verba
806 2812 1161 2896 pontificem
1227 2812 1573 2874 mamimum
1644 2811 1848 2875 dicere
1916 2818 2244 2894 oporteat,
2320 2833 2460 2875 cum
2526 2814 2832 2896 viryinem

563 2919 814 2999 capiat,
880 2915 1187 2998 scriptum
1253 2920 1362 2979 est.
1453 2915 1581 2978 iam
1650 2936 1794 2978 cum
1861 2921 1926 2979 et
1991 2921 2236 2980 constet
2301 2922 2450 2980 ante
2512 2915 2833 2980 Pictorem

561 3022 877 3085 neminem
923 3040 959 3084 e
1000 3019 1438 3103 penetralibus
1482 3019 1851 3102 pontificum
1896 3018 2273 3103 quidquam,
2331 3025 2402 3083 ut
2445 3019 2594 3084 inde
2637 3018 2831 3084 libros

564 3124 643 3189 de
686 3126 821 3188 iure
867 3122 1187 3206 pontificio
1234 3123 1538 3187 conderet
1572 3129 1765 3207 atque
1827 3122 2208 3206 divulgaret,
2255 3123 2725 3209 deprompsisse
2770 3129 2836 3188 et

563 3283 625 3290 0-—
650 3285 677 3289 -.
690 3283 972 3289 —u—ffl—

773 3370 791 3405 ¹
828 3366 1052 3424 ‘Waren
1106 3371 1224 3423 dies
1273 3371 1416 3423 auch
1468 3369 1621 3422 nicht
1655 3367 2173 3433 Pontificalbiicher‚
2211 3366 2449 3419 sondern
2484 3366 2835 3422 zusammen-

565 3459 878 3526 stellungen
913 3473 1012 3511 aus
1050 3457 1378 3522 denselben‚
1429 3472 1490 3509 so
1541 3455 1649 3523 gab
1702 3470 1762 3506 es
1810 3453 1952 3506 doch
2006 3455 2148 3507 auch
2198 3454 2256 3506 in
2305 3453 2429 3506 dem
2464 3454 2672 3507 Archiv
2706 3455 2835 3508 libri

565 3544 939 3598 sacerdotales
991 3544 1102 3596 und
1154 3547 1316 3595 unter
1370 3542 1479 3595 den
1522 3541 1898 3594 kaiserlichen
1944 3540 2212 3593 Beamten
2261 3540 2421 3594 einen
2471 3542 2751 3608 proximus
2802 3560 2836 3596 a

514 3669 517 3672 -
561 3632 718 3684 libris
757 3630 1210 3684 sacerdotalibus.
1286 3627 1343 3680 O.
1385 3627 1438 3680 J.
1474 3625 1537 3680 L.
1576 3627 1657 3678 VI
1691 3622 1862 3678 88783
1968 3626 2221 3678 similiter
2256 3623 2388 3692 laec,
2428 3627 2512 3679 De
2548 3627 2834 3680 Plutarchi

564 3721 772 3785 quaest.
810 3732 945 3769 rom.
984 3719 1126 3769 auct.
1165 3714 1346 3778 (Halis
1386 3714 1512 3768 sax,
1553 3713 1711 3776 1864)
1747 3731 1800 3781 p.
1838 3711 1934 3766 43:
1986 3715 2128 3764 ‘sunt
2180 3713 2349 3780 igitur
2384 3713 2514 3766 libri
2549 3714 2668 3766 iure
2706 3729 2836 3766 con-

567 3805 863 3869 sultorum,
919 3803 1112 3870 quibus
1150 3802 1219 3854 de
1254 3802 1373 3854 iure
1410 3800 1758 3855 sacerdotum
1793 3800 1910 3853 sive
1947 3799 2015 3852 de
2052 3800 2170 3852 iure
2208 3799 2488 3867 pontificio
2527 3800 2836 3867 expositum

564 3889 719 3942 erat'.
1142 3888 1155 3898 “

776 3977 798 4012 ²
834 3975 904 4027 cf.
942 3971 1057 4028 Leo
1093 3976 1129 4026 1.
1168 3976 1205 4027 l.
1242 3993 1296 4043 p.
1334 3974 1418 4028 43.

774 4061 795 4095 ⁸
830 4062 1061 4115 Fabium
1086 4061 1363 4114 Pictorem
1388 4063 1531 4113 hunc
1556 4077 1678 4113 oum
1701 4060 1923 4125 Peter0,
1959 4059 2361 4111 Historicorum
2400 4074 2534 4111 rom.
2572 4057 2840 4125 reliquiae

568 4150 597 4200 I
630 4167 684 4217 p.
724 4145 1064 4200 CLXXVIII
1100 4164 1218 4215 sqq.
1239 4186 1253 4213 ,
1300 4147 1424 4200 aliis
1460 4151 1594 4214 puto
1631 4162 1753 4198 esse
1792 4146 2039 4210 eundem,
2077 4145 2170 4212 qui
2204 4145 2407 4197 latinos
2446 4145 2673 4198 annales
2710 4159 2840 4196 con-

569 4235 723 4300 didit,
745 4223 824 4287 'eo
861 4234 1113 4299 Pictore,
1163 4234 1255 4301 qui
1290 4233 1578 4285 historiam
1617 4249 1899 4285 romanam
1935 4246 2136 4298 graece
2175 4231 2532 4298 conscripsit,
2569 4230 2838 4281 iuniorem

569 4322 720 4372 illum
769 4320 1003 4388 quidem.
1074 4321 1392 4388 fragmenta
1443 4321 1710 4372 librorum
1746 4318 1813 4371 de
1851 4318 1969 4369 iure
2006 4316 2285 4384 pontificio
2325 4317 2558 4369 collecta
2592 4315 2837 4367 invenies

566 4407 713 4475 apud
764 4406 1024 4459 Peterum
1075 4408 1113 4459 1.
1150 4408 1187 4458 l.
1225 4425 1280 4475 p.
1323 4406 1417 4459 111
1458 4423 1577 4475 sqq.
1634 4409 1690 4457 et
1744 4403 2121 4468 Huschkium,
2172 4401 2487 4472 Jurisprud.
2544 4400 2840 4455 anteiust.⁴

562 4511 617 4562 p.
653 4491 689 4545 2
723 4508 844 4561 sqq.
