3407 5226
891 1489 926 1552 Ι
1013 1487 1134 1551 DE
1180 1484 1864 1552 SAOERDOTIBUS
1911 1485 2008 1550 IN
2053 1480 2584 1549 UNIVERSUM

809 1677 1116 1762 Interpol.
1144 1676 1325 1742 Serv.
1348 1675 1515 1742 Aen.
1542 1677 1576 1741 I
1601 1679 1727 1741 329
1760 1683 2022 1741 cautum
2052 1728 2065 1742 .
2099 1724 2114 1740 .
2148 1683 2265 1756 est,
2312 1697 2350 1738 n
2376 1696 2411 1740 e
2459 1695 2489 1737 s
2508 1695 2546 1736 a
2566 1694 2600 1737 c
2618 1692 2655 1737 e
2674 1693 2705 1735 r
2724 1670 2765 1734 d
2787 1693 2825 1736 o
2846 1694 2876 1736 s

601 1781 735 1844 eius
797 1780 1130 1844 domum
1186 1779 1795 1865 ingrediatur,
1865 1780 1945 1843 in
2013 1800 2174 1865 qua
2227 1786 2429 1843 ante
2491 1775 2877 1861 quintam

599 1883 815 1948 diem
862 1883 1121 1947 funus
1168 1883 1460 1949 fuerit.
1511 1883 1599 1967 cf.
1628 1883 1739 1967 fr.
1789 1883 1886 1949 61.

3005 1685 3035 1745 1

807 1986 1112 2051 Laurent.
1158 1985 1323 2072 Lyd.
1373 1985 1454 2051 de
1499 2007 1697 2051 mene.
1733 1984 1765 2047 I
1797 1989 1872 2050 31
1924 1987 2024 2049 καὶ
2069 1990 2254 2048 τοῦτο
2299 1981 2451 2065 πρός
2495 1988 2607 2046 τοῦ
2651 1985 2880 2059 Νουμᾶ
2922 2012 2949 2054 5
3003 1992 3043 2053 2

601 2090 983 2167 διατίθεται,
1046 2085 1261 2153 ὥστε
1328 2085 1518 2166 τούς
1563 2089 1832 2169 ἱερεῖς
1865 2093 2225 2170 χαλκαῖς
2271 2086 2666 2171 ψαλίσιν,
2712 2081 2876 2147 ἀλλ’

598 2191 686 2257 οὗ
735 2196 1126 2276 σιδηραῖς
1170 2189 1813 2272 ἀποκείρεσθαι.

802 2297 978 2362 Fest.
1039 2319 1100 2381 p.
1160 2298 1284 2360 249
1357 2294 1596 2381 [pura
1661 2294 2286 2378 vest]im[enta
2354 2290 2877 2358 sacerdotes

598 2401 904 2485 populi
950 2401 1312 2465 Romani
1356 2398 1456 2462 ad
1500 2397 2146 2481 sacri]fici[um
2195 2397 2519 2462 habere
2567 2395 2876 2475 solent,

596 2501 679 2566 id
726 2508 1060 2568 estnon
1109 2501 1457 2585 ob]sita,
1508 2500 1697 2584 [non
1743 2501 2222 2586 fulgurita,
2278 2521 2443 2564 non
2488 2498 2872 2581 funesta,
2917 2528 2973 2572 1⁰

637 2830 646 2837 ·
807 2764 836 2816 1
910 2762 1175 2828 Interpol.
1213 2763 1365 2814 Serv.
1402 2762 1536 2814 Aen.
1574 2763 1602 2814 Ι
1637 2761 1744 2816 329
1779 2762 1866 2814 cui
1906 2761 1961 2826 (i.
1988 2777 2033 2812 e.
2073 2759 2341 2828 Apollini)
2379 2760 2591 2812 laurum
2629 2760 2754 2812 ideo
2792 2776 2879 2812 sa-

598 2855 809 2901 cratam
849 2851 951 2911 (ita
988 2847 1184 2901 Thilo.-
1219 2846 1588 2900 sacrificatam
1623 2847 1680 2913 Ο,
1719 2853 2098 2900 consecratam
2126 2849 2355 2899 enotavit
2381 2842 2713 2912 Scioppius),
2751 2846 2881 2913 quia

599 2935 734 2986 haec
772 2934 938 2987 arbor
976 2933 1301 2986 suffimentis
1336 2933 1873 3001 purgationibusque
1911 2934 2266 2997 adhibeatur,
2304 2940 2364 2984 ut
2401 2930 2722 2983 ostendatur
2759 2932 2879 2984 nul-

601 3021 715 3071 lum
753 3019 1013 3085 templum
1054 3019 1169 3070 eius
1205 3017 1311 3071 nisi
1351 3035 1542 3085 purum
1581 3018 1801 3085 ingredi
1840 3018 2057 3071 debere.
2117 3022 2399 3070 cautum
2438 3019 2617 3070 enim
2656 3022 2831 3070 est..
2863 3056 2877 3070 .

598 3103 626 3155 f
636 3105 850 3156 uerit.
898 3103 1165 3169 Interpol.
1205 3104 1354 3155 Serv·
1394 3104 1529 3155 Aen.
1566 3104 1645 3156 IV
1682 3103 1787 3157 507
1824 3103 2060 3157 Romani
2097 3103 2265 3156 moris
2301 3103 2407 3155 fuit
2445 3109 2667 3170 propter
2703 3103 2879 3156 caeri-

600 3192 812 3243 monias
847 3206 1162 3256 sacrorum,
1211 3191 1414 3257 quibus
1465 3192 1700 3257 populus
1738 3192 2019 3244 Romanus
2056 3190 2347 3243 obstrictus
2385 3193 2520 3257 erat,
2560 3195 2620 3242 ut
2658 3191 2878 3257 potissi-

600 3293 740 3327 mum
782 3292 1090 3343 cupressus,
1129 3293 1271 3343 quae
1309 3277 1498 3329 excisa
1533 3276 1762 3341 (excusa
1787 3278 1867 3341 F)
1906 3279 2121 3330 renasci
2161 3293 2271 3329 non
2310 3277 2472 3342 solet,
2510 3277 2565 3328 in
2605 3275 2877 3330 vestibulo

558 3363 799 3415 ⁷mortui
851 3369 1178 3429 poneret-ur,
1228 3380 1296 3416 ne
1348 3363 1469 3431 quis
1525 3362 1829 3431 inprudens
1879 3363 2152 3417 funestam
2205 3365 2421 3416 domum
2473 3378 2583 3415 rem
2638 3362 2879 3414 divinam

598 3449 848 3501 facturus
887 3449 1127 3502 introeat
1166 3455 1220 3501 et
1260 3450 1416 3516 quasi
1454 3450 1816 3502 attaminatus
1871 3448 2172 3514 (attanatus
2208 3450 2283 3515 F)
2320 3454 2575 3518 suscepta
2612 3465 2880 3516 peragere

598 3549 707 3585 non
747 3534 952 3601 possit:
989 3534 1120 3585 hinc
1158 3549 1289 3599 ergo
1330 3531 1572 3586 ‘funerea
1610 3532 1903 3601 cupresso’.

803 3619 838 3671 2
908 3620 1166 3672 Laurent.
1193 3619 1379 3687 Lydus
1406 3620 1473 3671 de
1502 3636 1669 3672 mens.
1709 3623 1737 3674 I
1772 3620 1838 3675 31
1877 3628 1954 3675 καὶ
1994 3623 2186 3676 τοῦτο
2216 3661 2227 3675 .
2255 3660 2266 3674 .
2297 3661 2309 3672 .
2335 3620 2799 3692 ἀποκείρεσθαι.
2850 3618 2881 3673 ὅ

596 3703 690 3777 γαρ
726 3706 922 3776 σίδηρος
957 3703 1086 3759 κατα
1123 3703 1241 3767 τούς
1276 3713 1664 3778 Πυθαγορείους
1718 3708 1780 3773 τῇ
1816 3712 1906 3774 ὕλῃ
1941 3706 2193 3784 ᾂνιίκειται
2233 3720 2247 3735 ·
2278 3713 2428 3777 μέλας
2464 3706 2558 3778 yde
2593 3713 2672 3760 καὶ
2709 3706 2879 3775 αὖτός,

596 3798 678 3845 καὶ
733 3789 825 3845 dccx*
883 3792 1034 3845 τοῦτο
1087 3791 1231 3862 ἓγγῦς
1283 3791 1543 3858 ἆνειδὲου,
1600 3792 1958 3862 πολυκᾶματός
1994 3817 2051 3847 τε
2085 3801 2166 3847 καὶ
2204 3798 2573 3865 πολύχρηστος,
2628 3791 2734 3847 ἄλλ’
2789 3792 2881 3847 ofin

597 3876 809 3945 ἀπαθής
846 3880 965 3931 ἔστι.
1030 3878 1271 3932 Macrob.
1297 3884 1401 3932 sat.
1422 3881 1473 3932 V
1499 3879 1578 3944 19,
1605 3879 1672 3933 13
1696 3879 1795 3931 sed
1821 3878 1860 3946 †
1885 3879 2122 3933 Gai-mini
2161 3879 2375 3944 (Granii
2411 3882 2535 3933 coni
2567 3878 2878 3944 Meursius)

597 3964 954 4016 curiosissimi
995 3970 1049 4016 et
1088 3965 1239 4017 docti
1278 3967 1449 4019 verba
1488 3982 1682 4032 ponam
1706 4005 1721 4032 ,
1777 3967 1871 4035 qui
1911 3966 1965 4017 in
2004 3967 2147 4019 libro
2187 3968 2251 4018 de
2289 3966 2459 4019 Italia
2509 3964 2750 4018 secundo
2801 3964 2880 4017 sic

599 4050 677 4102 ait
713 4047 885 4117 ‘prius
935 4050 1126 4118 itaque
1174 4057 1230 4104 et
1268 4052 1479 4105 Tuscos
1527 4068 1702 4104 aeneo
1744 4067 1963 4103 vomere
2015 4052 2094 4104 uti
2146 4069 2264 4104 cum
2305 4052 2678 4104 conderentur
2716 4052 2880 4104 urbes

572 4136 787 4188 'solitos
827 4137 880 4188 in
908 4137 1191 4202 Tageticis
1229 4152 1418 4189 eorum
1457 4138 1630 4190 sacris
1667 4138 1909 4203 invenio,
1945 4141 2001 4189 et
2036 4138 2090 4190 in
2131 4138 2346 4192 Sabinis
2384 4155 2451 4190 ex
2489 4154 2616 4191 aere
2654 4138 2878 4204 cultros,

602 4221 800 4288 quibus
838 4221 1158 4274 sacerdotes
1195 4224 1591 4277 tonderentur'.

805 4306 842 4361 3
910 4309 1179 4376 Interpol.
1236 4309 1387 4362 Serv.
1427 4310 1564 4363 Aen.
1600 4311 1681 4363 1v
1718 4308 1823 4364 683
1871 4326 2058 4363 sane
2212 4347 2226 4363 .
2277 4315 2597 4363 mortuo.
2669 4310 2725 4361 id
2773 4310 2879 4361 hoc

598 4392 723 4443 loco
762 4393 1196 4459 conprehensum
1233 4394 1415 4462 accipi
1450 4400 1664 4462 potest,
1722 4412 1842 4449 cum
1880 4395 2025 4449 Dido
2064 4394 2341 4448 inducitur
2376 4395 2633 4449 habuisse
2670 4395 2877 4448 crinem

599 4481 893 4544 sacratum,
930 4495 1038 4548 quo
1078 4479 1334 4534 videlicet
1371 4481 1587 4535 absciso
1627 4485 1813 4549 posset
1850 4482 1970 4537 sine
2007 4483 2257 4537 cruciatu
2295 4482 2485 4550 moria
2511 4482 2661 4550 prius
2697 4486 2878 4538 tamen

3003 2303 3042 2363 3
