3407 5226
459 667 504 734 h

457 878 480 942 i

458 982 503 1045 k

550 1108 577 1149 5

624 467 707 539 50

627 672 876 753 parte
955 662 1226 730 ullum
1299 658 1599 748 habet3
1673 659 1747 729 si
1818 660 2010 750 quis
2086 659 2181 729 ad
2251 659 2887 736 verberandum

623 772 1010 850 ducatur,
1055 770 1125 834 si
1172 769 1269 833 ad
1313 770 1579 854 pedes
1624 770 1812 833 eius
1858 770 2239 855 supplex
2281 774 2886 855 procubuerit,

619 896 713 940 eo
761 876 898 940 die
941 874 1400 939 verberari
1444 860 1887 959 piaculum
1936 880 2089 938 est.
2150 875 2565 959 capillum
2600 877 2886 942 Dialis

619 980 788 1045 nisi
845 979 991 1064 qui
1048 977 1278 1043 liber
1333 979 1576 1041 homo
1639 984 1993 1042 estnon
2055 977 2492 1045 det'onset.
2544 1001 2888 1065 capram

623 1090 701 1149 et
763 1104 1096 1148 carnem
1157 1083 1589 1147 incoctam
1647 1088 1728 1147 et
1798 1081 2201 1146 hederam
2265 1089 2345 1147 et
2407 1084 2686 1148 fabam
2749 1107 2885 1150 ne-

618 1208 777 1274 que
847 1194 1214 1271 tangere
1290 1185 1527 1250 Diali
1601 1205 1775 1249 mos
1850 1192 1981 1250 est
2055 1206 2332 1270 neque
2419 1189 2882 1254 nominare.

1568 1346 1603 1429 22
1897 1391 1931 1430 ,ιι

1733 1442 1767 1478 δὲ

618 1606 801 1672 Paul.
875 1629 938 1692 p.
1014 1607 1097 1669 82
1173 1600 1554 1687 aliquem
1637 1602 1719 1665 in
1801 1624 1886 1666 se
1971 1563 2301 1666 babere
2385 1605 2693 1668 nodum
2766 1604 2883 1701 (sc.

453 1644 497 1789 ἶ
598 1710 866 1798 flamini
910 1707 1093 1772 Diali
1133 1727 1260 1770 non
1304 1703 1579 1788 licebat).
1668 1701 1977 1789 Interpol.
2012 1704 2190 1768 Serv.
2230 1707 2389 1771 Aen.
2425 1705 2528 1769 III
2574 1709 2696 1771 607
2745 1709 2882 1772 iure

517 1953 574 1995 10

450 2455 572 2518 k15

616 1826 835 1880 autem
879 1810 1262 1895 pontificali,
1324 1809 1392 1874 si
1463 1808 1657 1890 quis
1719 1808 2052 1871 flamini
2115 1809 2377 1892 pedes
2425 1812 2558 1873 vel
2603 1833 2880 1894 genua

617 1918 942 1982 fuisset
1005 1915 1480 1998 amplexum
1541 1934 1726 1976 eum
1789 1913 2244 1977 verberari
2303 1934 2461 1977 non
2523 1913 2879 1982 licebat.

617 2021 788 2086 Plut.
834 2042 893 2105 q.
942 2044 990 2084 r.
1045 2021 1154 2082 111
1207 2021 1300 2082 d‘eo'
1361 2019 1772 2081 κλινίδιον
1821 2017 1966 2097 μὲν
2027 2011 2123 2100 ἦν
2166 2014 2434 2080 αὐτοῦ
2495 2019 2885 2098 κείμενον

614 2125 697 2187 ἐν
756 2127 868 2211 τῷ
929 2127 1257 2205 θυρῶνι
1319 2123 1470 2203 τῆς
1523 2121 1797 2196 οἰκίας
1842 2139 1855 2152 ·
1904 2117 1936 2183 ὁ
2002 2120 2088 2183 δὲ
2150 2120 2644 2204 προσπεσών
2704 2130 2928 2205 τοῖς,

614 2226 907 2308 γόνασι
970 2224 1119 2304 τήν
1179 2223 1507 2306 ἡμέραν
1567 2224 1905 2307 ἐκείνην
1967 2221 2265 2287 ἄδειαν
2308 2220 2495 2306 εἶχε
2540 2230 2883 2308 πληγῶν

613 2334 747 2394 καὶ
835 2328 1270 2404 κολάσεως.
1362 2328 1540 2392 Serv.
1611 2330 1773 2391 Aen.
1849 2328 1881 2390 1
1958 2329 2083 2391 448
2171 2326 2497 2391 flamen
2589 2328 2877 2393 Dialis

616 2436 908 2500 aereis
977 2433 1289 2497 cultris
1353 2431 1913 2496 tondebatur.
2004 2432 2175 2495 Plut.
2234 2453 2294 2516 q.
2360 2455 2406 2497 r.
2478 2435 2595 2497 111
2666 2433 2761 2496 ὃιοέ
2825 2435 2885 2497 τί

615 2627 1025 2637 -..--.--.-

614 2752 768 2803 Paul.
831 2766 880 2815 p.
939 2746 1008 2799 82
1069 2746 1285 2798 ederam
1346 2745 1549 2798 flamini
1614 2745 1757 2796 Diali
1820 2760 2000 2811 neque
2062 2749 2294 2809 tangere
2357 2761 2535 2812 neque
2594 2748 2879 2797 nominare

611 2840 696 2890 fas
735 2845 854 2889 erat
892 2851 988 2900 pro
1028 2849 1092 2884 eo
1131 2833 1276 2901 quod
1317 2832 1482 2883 edera
1519 2832 1685 2882 vincit
1726 2831 1794 2883 ad
1833 2830 2213 2898 quodcumque
2252 2848 2309 2881 se
2348 2832 2601 2899 applicat.
2674 2832 2768 2883 sed
2810 2849 2879 2884 ne

612 2925 833 2975 anulum
875 2922 1086 2990 quidem
1131 2933 1326 2984 gerere
1367 2919 1412 2968 ei
1451 2919 1654 2970 licebat
1689 2915 1922 2968 solidum
1964 2923 2058 2977 aut
2096 2918 2410 2984 aliquem
2450 2957 2462 2969 .
2506 2954 2518 2967 .
2555 2956 2566 2969 .
2606 2917 2877 2970 nodum.

612 3010 876 3075 Inter-pol.
914 3008 1066 3058 Serv.
1107 3007 1238 3057 Aen.
1276 3005 1363 3056 III
1399 3004 1500 3057 607
1555 3021 1685 3055 sane
1736 3005 1877 3055 sicut
1931 3005 2249 3072 frequenter
2297 3006 2495 3056 dictum
2549 3011 2660 3067 est,
2712 3007 2877 3056 etiam

610 3085 701 3147 hic
755 3092 1061 3145 ostenditur
1118 3092 1392 3143 subtiliter
1445 3092 1721 3142 Anchisen
1771 3096 1825 3142 et
1864 3093 2103 3141 Aeneam
2155 3094 2261 3142 tam
2314 3091 2664 3157 pontificatus
2717 3108 2878 3159 quarn

612 3165 849 3232 flamonii
891 3179 1022 3230 iuris
1049 3181 1104 3229 et
1131 3178 1333 3244 peritos
1361 3182 1416 3228 ct
1443 3179 1725 3243 praesules
1765 3178 1947 3229 fuisse.
2012 3178 2163 3228 iure
2202 3184 2429 3228 autem
2459 3217 2472 3229 .
2501 3215 2513 3228 .
2540 3216 2552 3227 .
2581 3178 2677 3228 lic
2697 3180 2773 3228 eb
2793 3183 2881 3229 at.

611 3268 754 3318 Plut.
795 3282 844 3335 q.
885 3283 926 3316 ι’.
972 3266 1056 3317 lll
1113 3263 1240 3325 εἷκὼ
1291 3272 1377 3331 μὲν
1426 3263 1519 3316 οὖν
1556 3266 1657 3317 ἔστι
1694 3271 1772 3315 καὶ
1823 3264 1913 3317 τόν
1959 3265 2086 3330 ἱερέα
2136 3266 2231 3316 τοῦ
2266 3264 2387 3324 Διός
2436 3269 2600 3333 ὥσπερ
2650 3270 2882 3334 ἔμψυχον

610 3361 689 3406 καὶ
729 3348 861 3418 ἱερόν
896 3356 1093 3420 ἄγαλμα
1143 3350 1491 3419 καταφύξιμον
1541 3349 1767 3401 ιῖνεῖσθαι
1823 3358 1927 3409 τοῖς
1964 3350 2207 3416 δεομένοις
2243 3358 2319 3401 καὶ
2361 3353 2630 3403 ἱκετεύουσι
2666 3347 2879 3418 pembroc
2961 3376 2966 3379 ·

609 3438 935 3509 α’πείργοντος
966 3437 1095 3504 μηδὲ
1131 3436 1492 3501 ἓκφοβοῦντοςζ
1540 3434 1646 3487 διό
1685 3471 1697 3485 .
1737 3471 1751 3487 .
1789 3473 1799 3485 .
1839 3434 2173 3495 κολάσεως.
2223 3438 2266 3487 εἴ
2302 3437 2357 3488 δὲ
2392 3440 2642 3503 δεσμώτης
2678 3453 2719 3488 e.
2746 3455 2791 3505 q.
2816 3454 2877 3499 8„

607 3523 785 3592 cffr.
814 3523 941 3589 24f.
1015 3523 1164 3575 δεῖν.
1190 3526 1326 3575 Aen.
1356 3523 1381 3573 Ι
1407 3522 1508 3574 448
1547 3520 1734 3586 aerea]
1776 3523 1859 3572 vel
1900 3522 2047 3588 quod
2084 3538 2179 3573 aes
2219 3523 2391 3586 tnagis
2431 3535 2643 3575 vetet-es
2681 3524 2734 3575 in
2776 3540 2873 3575 usu

611 3612 887 3670 habebant
913 3610 1000 3661 vel
1028 3608 1172 3676 quod
1203 3610 1460 3675 religioni
1490 3615 1618 3674 apta
1645 3616 1725 3659 est
1752 3608 1885 3659 haec
1915 3610 2197 3673 materies;
2226 3607 2462 3676 denique
2492 3611 2541 3661 fl
2564 3627 2659 3660 am
2678 3627 2758 3661 en
2786 3649 2796 3661 .
2820 3648 2831 3661 .
2859 3649 2873 3662 .

608 3695 1065 3757 tondebatur.
1115 3695 1254 3747 Plut.
1277 3713 1327 3763 q.
1352 3713 1394 3747 r.
1421 3696 1512 3747 111
1553 3692 1662 3748 ὃιοῖ
1714 3704 1779 3746 τί
1812 3732 1823 3743 .
1850 3731 1864 3746 .
1890 3730 1901 3743 ·
1940 3684 2397 3761 3νομᾰζοντα;
2434 3734 2446 3746 .
2470 3733 2482 3746 .
2518 3697 2546 3760 ἢ
2572 3695 2878 3763 φοβούμενοι

609 3781 670 3836 *to*
695 3779 1024 3851 νοσηματικὸν
1046 3780 1139 3844 (sc.
1165 3783 1416 3849 caprae);
1451 3785 1592 3834 δοκεῖ
1627 3780 1718 3852 γαρ
1756 3783 1995 3851 ἐπιληψίᾳ
2032 3787 2496 3849 καταλαμβάνεσθαι
2530 3786 2739 3848 μάλιστα
2777 3783 2880 3835 ‘cuir

610 3860 751 3940 ζῴων
810 3875 889 3921 καὶ
963 3872 1510 3940 προσαναχρώννυσθαι
1565 3878 1671 3929 τοῖς
1717 3870 1957 3937 φαγοῦσιν
2011 3870 2039 3933 ἢ
2094 3870 2324 3939 θιγοῦσιν
2377 3866 2482 3921 vino*
2529 3870 2623 3919 τοῦ
2675 3873 2877 3928 πάθους

607 3956 857 4025 ἐχομένης,
895 3993 908 4006 .
935 3992 948 4005 .
987 3993 1000 4006 .
1034 3962 1221 4022 postea
1257 3956 1321 4007 de
1357 3962 1515 4007 cane:
1555 3954 1617 4010 οὗ
1649 3952 1747 4022 μῆν
1784 3953 1902 4007 οὗὸὲ
1938 3958 2233 4021 καθαρεύειν
2268 3960 2431 4026 ᾤοντο
2468 3959 2793 4007 παντάπασιν
2828 3956 2874 4007 οἷ

681 4046 708 4093 λ
789 4047 798 4062 ι
893 4039 906 4055 ³
948 4046 969 4059 ο.
991 4042 1014 4055 ··
1245 4040 1263 4059 τ
1325 4048 1335 4063 n
1382 4042 1426 4093 ὃ,
1466 4040 1484 4059 e.
1634 4050 1655 4060 ,
1799 4050 1818 4060 ,
2173 4040 2199 4062 u
2499 4042 2510 4061 ι
2756 4042 2781 4055 u

607 4064 681 4093 πα
709 4065 807 4093 αιοι
844 4064 904 4093 το
945 4060 1073 4111 ςῳον
1110 4079 1121 4092 .
1152 4080 1162 4093 .
1199 4065 1344 4095 «wrm
1414 4064 1437 4093 ε
1486 4049 1699 4108 Ρωμαιοι
1736 4064 1841 4101 τοις
1876 4047 2131 4101 Λυκαίοις,
2168 4067 2199 4092 α
2231 4047 2589 4109 Λουπερκαλια
2625 4047 2875 4105 καλουσιν,

810 4250 834 4285 ⁴
872 4247 1136 4302 detondet
1183 4248 1293 4300 TY
1328 4246 1599 4315 Huschke,
1635 4250 1876 4315 Iurispr.
1914 4254 2075 4302 antei.
2115 4250 2149 4300 l.
2180 4249 2217 4301 l.
2288 4251 2308 4284 ⁶
2344 4255 2397 4300 et
2435 4265 2623 4301 canem
2662 4254 2718 4300 et
2754 4264 2874 4300 car-

606 4352 725 4387 nem
764 4338 885 4388 coni
919 4335 987 4387 F.
1035 4334 1170 4400 Le0,
1222 4336 1304 4387 De
1341 4335 1484 4388 Plut.
1522 4342 1723 4403 quaest.
1762 4352 1894 4389 rom.
1934 4342 2072 4387 auct.
2105 4352 2161 4402 p.
2198 4337 2264 4385 44
2300 4336 2428 4386 adn.
2471 4337 2539 4385 18
2577 4335 2693 4387 coll.
2734 4335 2876 4387 Plut.

604 4438 653 4489 q.
676 4438 724 4474 r.
751 4425 857 4472 111
929 4421 951 4457 ⁹
989 4436 1169 4487 genua
1205 4422 1294 4472 uel
1324 4422 1490 4486 pedes
1513 4422 1747 4473 Ambros
1774 4421 1937 4487 pedes
1963 4423 2247 4488 amplexus
2276 4420 2467 4473 fuisset
2495 4422 2583 4473 uel
2611 4435 2795 4487 genua
2831 4420 2881 4471 T

607 4507 652 4543 ¹⁰
687 4522 810 4559 eum
844 4522 927 4559 om
964 4506 1195 4559 Ambros
1232 4513 1281 4557 et
1320 4508 1526 4560 Daniel
1563 4509 1857 4561 uerberare
1904 4506 1953 4558 T
2046 4509 2092 4543 ¹⁵
2128 4508 2312 4560 aeneis
2348 4506 2392 4558 C
