3407 5226
565 437 603 497 8

562 623 799 687 Fabius
842 623 906 685 in
952 621 1313 706 pontificum
1379 620 1713 704 disciplina
1778 617 2193 682 describenda
2238 624 2415 682 tanta
2460 620 2653 685 fuerit
2697 621 2837 685 dili-

563 727 802 810 gentia,
847 732 919 789 ut
965 747 1049 789 ex
1093 726 1228 788 eius
1292 723 1670 807 fragmentis
1740 723 1863 806 ipsi
1906 722 2209 806 pontificii
2252 722 2398 786 libri
2443 724 2621 808 loqui
2664 726 2838 789 vide-

563 827 801 910 antur¹,
847 849 976 891 non
1020 833 1230 912 potest
1277 827 1543 890 dubium
1587 847 1749 906 esse,
1796 825 1947 909 quin
1978 824 2236 907 Fabius,
2283 847 2426 889 cum
2470 828 2838 910 pontificum

563 938 973 996 monumenta
1017 931 1243 1010 adiret,
1288 931 1455 994 inter
1500 951 1576 993 ea
1620 930 1775 993 istos
1824 950 2074 1012 quoque
2120 928 2198 993 de
2244 930 2470 1013 quibus
2518 930 2839 1014 loquimur
2909 924 2914 931 ’

562 1035 754 1099 libros
802 1035 1132 1098 invenerit.
1222 1034 1449 1098 deinde
1495 1054 1715 1097 earum
1778 1033 2050 1095 flaminis
2098 1031 2301 1096 Dialis
2364 1040 2428 1096 et
2484 1034 2839 1100 flaminicae

563 1138 1087 1202 caerimoniarum
1106 1188 1122 1219 ,
1190 1159 1348 1222 quas
1417 1137 1634 1201 Pictor
1702 1141 2189 1216 commemorat,
2257 1137 2599 1201 nonnullae
2666 1140 2839 1222 apud

562 1241 1093 1325 Interpolatorem
1160 1240 1340 1305 Servi
1401 1240 1672 1304 redeunt
1734 1237 1843 1320 (cf.
1892 1260 1955 1322 p.
2005 1238 2115 1320 23)
2178 1245 2244 1302 et
2303 1239 2385 1303 ab
2449 1261 2524 1303 eo
2585 1241 2837 1306 disertis

562 1344 771 1408 verbis
818 1342 900 1406 ad
945 1344 1045 1406 ius
1090 1343 1481 1427 pontificium
1524 1343 1890 1407 referuntur
1904 1342 1951 1423 2,
1996 1348 2069 1405 ut
2113 1343 2308 1406 etiam
2352 1343 2497 1407 hinc
2528 1343 2606 1408 de
2638 1344 2838 1410 Fabio

563 1448 823 1531 eiusque
869 1447 1043 1510 fonte
1103 1448 1466 1510 coniectura
1523 1452 1740 1510 nostra
1800 1446 2227 1510 confirmetur.
2316 1447 2446 1509 iam
2506 1469 2655 1512 vero
2713 1470 2836 1513 non

565 1552 712 1614 licet
756 1550 1011 1633 longius
1057 1550 1376 1633 progredi,
1423 1551 1545 1614 nisi
1589 1551 1859 1626 istorum
1902 1549 2209 1613 librorum
2254 1551 2598 1633 imaginem
2629 1553 2840 1616 animo

563 1655 744 1719 nobis
809 1654 1305 1736 conceperimus,
1394 1654 1727 1717 invenerat
1791 1653 1985 1735 igitur
2048 1652 2286 1717 Fabius
2348 1654 2414 1717 in
2473 1656 2840 1738 pontificum

564 1757 643 1821 de
689 1755 1128 1820 sacerdotibus
1189 1756 1368 1821 libris
1437 1757 1898 1840 perscriptum,
1960 1778 1998 1819 a
2062 1755 2289 1839 quibus
2349 1756 2541 1819 rebus
2601 1759 2840 1821 flamini

562 1860 736 1924 Diali
806 1859 1160 1924 cavendum
1227 1866 1396 1924 esset
1440 1859 1550 1942 (fr.
1600 1863 1682 1923 24
1729 1882 1786 1938 a,
1831 1861 1891 1937 b,
1937 1859 2040 1940 d),
2102 1860 2253 1942 quid
2310 1858 2521 1923 facere
2589 1862 2648 1924 ei
2714 1883 2840 1925 non

560 1965 782 2028 liceret
829 1963 940 2046 (fr.
989 1965 1070 2026 24
1117 1985 1166 2041 c,
1212 1963 1284 2042 1),
1332 1986 1457 2048 qua
1519 1965 1855 2028 sanctitate
1921 1963 2148 2027 domus
2209 1965 2344 2027 eius
2393 1985 2534 2027 esse
2579 1964 2842 2029 deberet

563 2067 668 2149 (fr.
705 2070 788 2131 24
830 2089 885 2149 e,
916 2067 961 2148 f,
990 2088 1053 2151 p,
1087 2067 1172 2147 r),
1220 2068 1369 2153 quid
1412 2069 1481 2149 ⁴in
1526 2069 1811 2132 vestibus
1857 2069 1916 2131 ei
1965 2068 2435 2132 observandum
2482 2067 2586 2149 (fr.
2634 2071 2717 2132 24
2747 2069 2837 2152 g),

563 2193 689 2256 qua
735 2173 1071 2236 sanctitate
1115 2173 1325 2256 ipsum
1371 2193 1514 2236 esse
1561 2178 1887 2255 oporteret
1934 2170 2039 2252 (fr.
2074 2173 2156 2234 24
2188 2171 2252 2247 h,
2285 2168 2373 2252 o),
2426 2193 2549 2255 qua
2593 2173 2842 2236 ratione

564 2295 790 2358 corpus
838 2274 1188 2338 curandum
1235 2281 1403 2338 esset
1449 2274 1554 2356 (fr.
1590 2276 1674 2338 24
1705 2275 1746 2357 i,
1792 2273 1887 2355 n),
1934 2295 2089 2357 quas
2138 2295 2238 2337 res
2287 2295 2432 2338 eum
2478 2296 2595 2338 nec
2639 2275 2842 2339 nomi-

563 2398 717 2441 nare
781 2399 898 2441 nec
952 2377 1168 2440 videre
1227 2399 1344 2441 nec
1400 2384 1666 2460 tangere
1726 2377 1825 2440 fas
1884 2381 2054 2440 esset
2101 2375 2205 2454 (fr.
2255 2378 2338 2438 24
2383 2377 2450 2457 k,
2498 2400 2553 2460 q,
2599 2377 2687 2457 v),
2736 2377 2842 2461 qui

565 2481 722 2543 ritus
769 2481 833 2543 in
875 2481 1039 2544 lecto
1085 2481 1220 2543 eius
1269 2481 1716 2544 custodiendus
1765 2489 1933 2563 esset
1980 2478 2084 2560 (fr.
2118 2481 2201 2541 24
2234 2477 2350 2560 m),
2397 2500 2588 2563 quem
2631 2481 2843 2543 locum

563 2584 630 2647 in
697 2584 999 2649 conviviis
1070 2583 1385 2648 obtineret
1423 2582 1532 2666 (fr.
1579 2586 1662 2647 24
1708 2583 1799 2665 s),
1855 2585 2082 2668 quibus
2153 2583 2301 2648 solis
2367 2583 2843 2648 condicionibus

563 2688 858 2751 flamonio
903 2687 1085 2770 fungi
1130 2688 1367 2762 liceret.
1395 2687 1500 2768 (fr.
1549 2690 1631 2751 24
1677 2686 1757 2770 t),
1803 2709 1929 2772 qua
1981 2689 2319 2752 sanctitate
2364 2688 2842 2751 matrimonium

564 2791 700 2854 eius
747 2791 868 2853 coli
914 2790 1176 2854 deberet
1222 2791 1326 2867 (fr.
1375 2794 1456 2854 24
1503 2788 1598 2873 u).
1688 2797 2021 2874 praeterea
2065 2792 2130 2855 in
2175 2791 2351 2854 libris
2397 2791 2523 2854 illis
2580 2789 2843 2854 eaedem

564 2893 698 2957 fere
763 2895 1185 2959 caerimoniae
1251 2895 1605 2958 flaminicae
1662 2893 1839 2957 Diali
1899 2894 2480 2978 praecipiebantur,
2541 2893 2621 2957 ad
2685 2915 2842 2977 quas

563 2998 952 3062 accedebant
1013 2998 1178 3061 aliae
1199 3046 1215 3077 ,
1275 3019 1431 3082 quas
1490 2999 1788 3061 nimirum
1836 3018 2118 3061 seorsum
2167 2998 2583 3072 observabat,
2643 2998 2841 3062 veluti

566 3122 689 3184 quo
735 3101 1076 3164 escendere
1121 3101 1180 3164 ei
1224 3122 1349 3164 non
1395 3101 1615 3164 liceret
1657 3098 1764 3178 (fr.
1814 3100 1895 3163 46
1943 3098 2042 3182 c),
2109 3099 2188 3164 de
2235 3101 2630 3165 vestimentis
2677 3101 2842 3165 aliae

541 3201 674 3288 ⁸(fr.
712 3205 793 3266 46
826 3224 885 3284 a,
919 3200 1015 3285 b),
1061 3204 1226 3267 aliae
1271 3204 1350 3267 de
1397 3204 1676 3287 corporis
1726 3204 1898 3267 cultu
1944 3203 2055 3280 (fr.
2103 3206 2185 3265 46
2232 3202 2327 3286 d).
2418 3225 2581 3287 quae
2626 3205 2680 3267 si
2724 3205 2841 3269 sub

543 3327 759 3369 -unum
805 3312 1212 3389 conspectum
1256 3306 1659 3388 colliguntur,
1706 3306 1771 3369 in
1816 3312 2036 3389 aperto
2082 3312 2179 3369 est
2209 3306 2536 3389 pontifices
2565 3308 2632 3370 in
2663 3307 2840 3370 libris

562 3408 661 3472 his
711 3429 931 3472 omnes
977 3430 1086 3472 eas
1131 3430 1384 3472 normas
1432 3417 1722 3473 accurate
1769 3409 2118 3492 descriptas
2164 3409 2464 3473 habuisse
2486 3458 2502 3489 ,
2556 3410 2637 3473 ad
2685 3431 2840 3493 quas

562 3513 816 3593 flamen*
841 3510 1046 3576 Dialis
1110 3519 1174 3576 et
1235 3512 1551 3576 flaminica
1596 3514 1795 3576 vitam
1842 3511 2115 3595 dirigere
2161 3512 2485 3576 deberent.
2572 3518 2646 3576 ut
2689 3533 2841 3577 vero

563 3614 722 3677 haec
766 3616 978 3697 imago
1038 3617 1392 3679 accuratius
1448 3617 1844 3699 perficiatur,
1901 3616 2073 3679 idem
2116 3616 2354 3680 Fabius
2402 3617 2617 3680 Pictor
2661 3619 2840 3683 nobis

564 3724 787 3781 auctor
832 3724 943 3782 est.
1036 3740 1180 3782 cum
1241 3720 1294 3782 is
1344 3726 1506 3783 teste
1553 3720 1764 3783 Gellio
1809 3742 1872 3783 n.
1919 3742 1974 3783 a.
2021 3720 2054 3783 I
2104 3722 2203 3799 12,
2254 3723 2330 3784 14
2377 3721 2442 3804 in
2488 3720 2716 3784 eodem
2761 3721 2841 3785 de

562 3821 699 3884 iure
757 3822 1079 3905 pontificio
1139 3823 1338 3903 libre,
1397 3823 1461 3886 in
1523 3844 1643 3907 quo
1695 3824 1774 3887 de
1820 3824 2094 3887 flaminis
2141 3830 2204 3888 et
2249 3824 2603 3888 flaminicae
2649 3826 2841 3888 caeri-

563 3925 789 3987 moniis
855 3926 1186 4007 disseruit,
1259 3926 1454 3989 verba
1520 3928 1749 4011 quibus
1807 3927 2097 4011 pontifex
2156 3928 2471 3992 maximus
2532 3928 2842 4010 virginem

771 4116 789 4149 ¹
829 4116 899 4167 cf.
937 4115 1076 4167 Fabi
1113 4116 1428 4183 fragmenta
1466 4115 1613 4184 apud
1636 4115 1779 4168 Non.
1806 4134 1861 4184 p.
1900 4116 2002 4169 544
2039 4115 2115 4183 (p.
2159 4116 2256 4169 113
2279 4134 2330 4167 n.
2358 4113 2424 4167 7*
2449 4116 2589 4181 Pet„
2625 4133 2679 4183 p.
2717 4116 2751 4165 4
2788 4134 2840 4167 n.

563 4199 595 4251 7
633 4199 728 4264 H.)
767 4203 824 4251 et
858 4217 912 4267 p.
951 4198 1054 4252 223
1091 4201 1167 4268 (p.
1213 4201 1308 4253 113
1333 4218 1384 4253 n.
1411 4198 1478 4253 8*
1503 4202 1585 4266 Ρ.,
1621 4219 1675 4269 p.
1718 4203 1749 4252 4
1787 4219 1842 4253 n.
1877 4201 1910 4253 8
1947 4202 2041 4267 H.)
2089 4206 2144 4254 et
2177 4202 2420 4254 Macrob.
2461 4204 2562 4253 sat.
2602 4187 2689 4252 ΙΪΙ
2723 4200 2775 4267 2,
2810 4200 2844 4253 3

565 4283 642 4352 (p.
682 4282 783 4337 113
818 4302 872 4336 n.
909 4302 962 4337 n.
999 4283 1065 4336 4*
1101 4285 1183 4351 Ρ.,
1220 4303 1273 4353 p.
1311 4285 1347 4338 3
1382 4304 1433 4338 n.
1471 4286 1505 4337 2
1540 4286 1632 4351 Η.)
1671 4290 1910 4339 servata.

769 4369 791 4405 ²
828 4372 896 4423 fr.
947 4370 1014 4423 24
1063 4373 1103 4437 f,
1157 4374 1213 4437 h,
1269 4389 1332 4440 q3
1386 4373 1456 4424 cf.
1507 4373 1575 4424 fr.
1618 4372 1697 4425 15.
1739 4373 1820 4425 17.
1860 4371 1944 4425 27.
2017 4373 2357 4440 Ambrosch,
2409 4372 2635 4435 Quaest.
2690 4376 2842 4443 pont.

564 4472 810 4524 prooem.
849 4475 903 4527 p.
941 4459 990 4511 6.
