3407 5226
2671 491 2746 556 17

473 683 787 770 Paulique
858 704 1077 749 omnes
1145 680 1254 768 qui
1317 682 1396 747 de
1458 680 1727 746 flaminis
1796 680 2273 766 flaminicaeque
2350 683 2747 747 caerimoniis

471 799 755 860 tractant
797 790 923 855 loci
965 789 1182 853 indole
1228 809 1348 852 sua
1392 789 1456 850 in
1520 787 1647 850 duo
1715 787 2081 850 dividuntur
2143 808 2415 870 genera,
2477 807 2746 869 quorum

472 902 697 976 altem,
744 894 891 980 quid
939 894 1035 956 his
1082 891 1519 956 sacerdotibus
1568 891 2039 956 observandum
2087 891 2186 971 sit,
2233 891 2323 954 ita
2370 912 2747 956 commemo-

472 1011 670 1084 ratur,
714 1008 788 1064 ut
835 998 1030 1062 verbo
1080 998 1157 1076 ei,
1204 997 1267 1058 in
1313 1016 1436 1078 quo
1476 1016 1727 1059 summa
1779 995 1869 1057 vis
1904 995 2090 1075 inest,
2139 1014 2252 1076 pro
2298 994 2551 1078 glossae
2596 994 2750 1057 lem-

475 1113 644 1170 mate
710 1103 921 1189 posito
991 1103 1131 1184 ipsa
1197 1104 1540 1183 praecepta
1599 1105 2046 1162 annectantur.
2144 1119 2228 1160 ex
2284 1098 2381 1160 his
2441 1099 2749 1162 nonnulla

472 1233 616 1275 cum
661 1209 918 1271 Pictore
967 1227 1035 1269 re
1083 1204 1202 1267 etsi
1259 1225 1387 1267 non
1453 1223 1706 1286 semper
1769 1201 1977 1265 verbis
2038 1202 2456 1280 conveniunt,
2517 1223 2748 1287 nempe

472 1315 662 1378 haec:
709 1311 897 1375 Paul.
944 1329 1007 1391 p.
1058 1309 1133 1369 81
1186 1329 1236 1371 s.
1282 1326 1342 1370 v.
1391 1307 1571 1390 ‘equo
1634 1304 1793 1368 vehi’
1840 1304 1946 1385 (fr.
1996 1307 2078 1367 24
2123 1308 2225 1385 a),
2288 1304 2461 1369 Fest.
2509 1327 2573 1389 p.
2623 1309 2747 1368 249

471 1444 520 1484 s.
568 1441 628 1482 v.
679 1413 1022 1500 ‘procincta
1068 1411 1301 1475 classis'
1349 1408 1456 1493 (fr.
1506 1412 1587 1473 24
1634 1409 1736 1492 b),
1796 1409 1980 1472 Paul.
2028 1430 2089 1492 p.
2141 1411 2263 1472 104
2310 1433 2359 1473 s.
2405 1430 2465 1474 v.
2511 1407 2747 1472 ‘iurare’

472 1522 576 1603 (fr.
625 1523 709 1584 24
757 1519 836 1600 ο),
883 1516 1071 1580 Paul.
1117 1537 1179 1600 p.
1215 1517 1297 1578 82
1329 1537 1378 1578 s.
1412 1537 1474 1579 v.
1522 1511 1811 1577 ‘ederam'
1858 1513 1962 1594 (fr.
2011 1514 2093 1576 24
2138 1513 2234 1596 k),
2280 1515 2388 1576 ubi
2434 1513 2621 1578 simul
2668 1514 2747 1577 de

471 1624 659 1689 anulo
725 1643 902 1687 casso
964 1623 1318 1704 pervioque
1367 1618 1473 1701 (fr.
1523 1622 1605 1682 24
1655 1616 1729 1701 d)
1778 1626 1841 1682 et
1887 1619 1965 1683 de
2014 1618 2221 1701 nod0‚
2277 1641 2466 1703 quem
2512 1620 2749 1682 habere

470 1729 792 1792 flaminem
837 1724 1018 1788 nefas
1050 1723 1130 1787 sit
1163 1723 1268 1800 (fr
1304 1725 1386 1785 24
1417 1720 1516 1807 g),
1562 1723 1811 1805 agitur3
1857 1722 2043 1785 Paul.
2077 1744 2139 1806 p.
2178 1724 2300 1785 106
2335 1745 2384 1787 s.
2420 1743 2476 1784 v.
2508 1718 2749 1805 ‘ignem'

474 1832 577 1912 (fr.
626 1833 708 1894 24
757 1831 855 1910 e),
917 1827 1102 1892 Paul.
1152 1849 1214 1911 p.
1264 1831 1344 1890 87
1395 1850 1441 1890 s.
1488 1849 1550 1890 v.
1597 1826 1837 1889 ‘fabam‘
1884 1825 1989 1906 (fr.
2040 1828 2122 1888 24
2169 1827 2279 1908 k),
2327 1826 2511 1889 Paul.
2558 1847 2618 1910 p.
2668 1827 2747 1888 93

469 1957 517 2000 s.
562 1956 620 1996 v.
666 1931 983 1998 ‘funebres
1049 1931 1256 1995 tibiae'
1302 1930 1406 2008 (fr.
1455 1931 1538 1992 24
1586 1928 1693 2012 v),
1741 1929 1925 1994 Paul.
1973 1951 2035 2013 p.
2090 1931 2171 1993 92
2217 1953 2267 1994 s.
2314 1953 2375 1994 v.
2424 1926 2748 1992 ‘'flammeo

469 2040 573 2121 (fr.
623 2043 703 2102 46
730 2037 835 2118 a).
927 2036 1150 2099 ceteris
1214 2035 1405 2097 huius
1468 2034 1722 2116 generis
1781 2033 2156 2116 fragmentis
2218 2054 2387 2102 nova
2433 2033 2745 2117 quaedam

469 2143 828 2224 adduntur,
887 2140 998 2204 sed
1059 2141 1147 2202 ita
1211 2144 1610 2222 comparata,
1672 2144 1745 2199 ut
1803 2138 2136 2220 perspicue
2195 2159 2229 2201 e
2288 2138 2563 2201 flamonii
2607 2137 2742 2200 iure

468 2267 648 2310 sacro
696 2246 969 2328 repetita
1015 2245 1156 2307 sint.
1248 2248 1395 2306 sunt
1437 2263 1589 2305 vero
1640 2243 1832 2304 haec:
1879 2241 2064 2306 Paul.
2111 2263 2172 2325 p.
2228 2244 2349 2304 113
2396 2265 2444 2305 s.
2490 2261 2548 2304 v,
2597 2241 2745 2304 ‘infi-

470 2345 686 2414 bulati’
733 2347 838 2430 (fr.
886 2347 1021 2429 27),
1068 2347 1238 2412 Fest.
1283 2369 1347 2431 p.
1400 2349 1515 2408 161
1571 2368 1620 2410 S.
1669 2366 1728 2410 V.
1777 2345 2081 2410 ‘mortuae
2129 2342 2405 2429 pecudis'
2456 2345 2560 2426 (fr.
2609 2344 2744 2426 42),

468 2452 654 2516 Paul.
701 2472 764 2534 p.
814 2454 894 2514 65
942 2472 993 2514 S.
1042 2471 1099 2515 v.
1149 2446 1385 2513 ‘cincta'
1431 2446 1541 2531 (fr.
1591 2448 1728 2528 44).
1821 2449 2077 2512 alterius
2132 2450 2383 2531 generis
2442 2448 2569 2511 loci
2613 2470 2739 2512 non

467 2555 531 2618 id
578 2561 833 2636 curant,
894 2560 965 2617 ut
1008 2553 1281 2616 flaminis
1329 2559 1394 2616 et
1438 2553 1793 2616 flaminicae
1837 2552 2178 2636 religiones
2223 2553 2581 2636 explicent,
2628 2551 2743 2616 sed

464 2660 673 2741 posito
736 2658 993 2720 nomine
1053 2656 1348 2721 sollemni
1409 2657 1510 2721 vel
1573 2657 1667 2720 rei
1716 2657 1980 2720 alicuius
2029 2656 2109 2719 ad
2158 2658 2462 2721 vestitum
2507 2657 2741 2720 sacrifi-

463 2764 688 2845 ciaque
732 2760 1003 2823 flaminis
1053 2767 1115 2823 et
1160 2760 1512 2822 flaminicae
1555 2760 1929 2842 pertinentis
1961 2759 2066 2823 vel
2098 2780 2425 2822 sacrorum
2470 2759 2739 2822 ministri

462 2866 652 2929 huius
698 2864 970 2930 nominis
1035 2863 1564 2949 significationem
1611 2869 1676 2926 et
1722 2863 1818 2925 rei
1863 2883 2044 2925 usum
2092 2862 2484 2944 ministrique
2531 2861 2741 2925 officia

459 3160 613 3212 Paul.
663 3176 718 3226 p.
770 3158 834 3211 19
877 3175 918 3209 s.
963 3175 1014 3210 v.
1069 3155 1358 3226 ‘assidelae
1418 3158 1658 3210 mensae’
1717 3156 1808 3221 (fr.
1870 3156 1985 3222 28),
2047 3173 2208 3223 quem
2268 3157 2447 3209 locum
2507 3160 2738 3224 propter

460 3246 637 3313 ipsam
698 3245 976 3296 flaminum
1049 3244 1620 3295 commemorationem
1692 3259 1801 3294 non
1859 3243 1991 3294 licet
2062 3259 2184 3294 cum
2242 3244 2605 3295 Ambroschio
2674 3244 2741 3295 de

459 3330 840 3384 sacerdotibus
908 3330 1202 3381 curialibus
1279 3329 1529 3392 (Vratisl.
1593 3328 1746 3392 1840)
1807 3347 1860 3395 p.
1916 3328 1982 3379 27
2046 3328 2117 3381 ad
2175 3329 2423 3381 flamines
2488 3330 2742 3395 curiales,

462 3433 597 3483 quos
647 3417 801 3469 Paul.
841 3427 894 3483 p.
934 3415 1000 3466 64
1038 3416 1318 3482 appellat,
1377 3416 1607 3467 referre.
1681 3413 1894 3467 ‘flamen
1950 3418 2003 3466 et
2061 3416 2348 3467 flaminica’
2405 3419 2489 3468 est
2543 3417 2742 3468 flamen

462 3504 638 3556 Dialis
678 3507 733 3554 et
771 3503 886 3554 eius
924 3518 1089 3553 uxor:
1128 3502 1394 3569 Interpol.
1435 3502 1588 3553 Serv.
1614 3504 1753 3553 Aen.
1781 3502 1861 3553 IV
1888 3500 1985 3554 103
2022 3502 2110 3564 (fr.
2143 3502 2244 3568 15),
2284 3502 2365 3553 IV
2389 3502 2490 3554 374
2517 3501 2605 3564 (fr.
2640 3501 2741 3565 16),

458 3589 539 3641 IV
561 3588 663 3640 262
701 3588 792 3651 (fr.
836 3588 938 3653 17),
976 3589 1057 3639 IV
1083 3586 1186 3641 263
1223 3588 1314 3651 (fr.
1361 3589 1473 3655 18);
1511 3587 1772 3642 ‘flamines
1810 3593 1866 3641 et
1903 3589 2224 3641 flaminicae'
2265 3590 2332 3640 de
2371 3590 2570 3640 ceteris
2609 3604 2742 3654 quo-

462 3692 565 3742 que
605 3678 735 3742 apte
772 3675 1142 3741 intellegitur:
1189 3675 1431 3726 Macrob.
1472 3679 1573 3727 sat.
1612 3675 1698 3725 III
1734 3673 1785 3740 8,
1825 3675 1856 3726 7
1894 3675 1983 3738 (fr.
2022 3673 2141 3740 30);
2191 3676 2338 3727 Fest.
2378 3693 2430 3742 p.
2468 3673 2572 3726 348
2609 3691 2651 3725 s.
2688 3691 2739 3725 v.

459 3758 1143 3828 ‘secespitam',·1nterpol.
1184 3760 1334 3813 Serv,
1374 3762 1512 3812 Aen.
1551 3761 1631 3812 IV
1667 3760 1770 3813 262
1806 3761 1895 3824 (fr.
1933 3761 2037 3825 51).
2113 3758 2415 3813 ‘flaminica'
2454 3765 2537 3812 est
2562 3761 2739 3812 Dialis

458 3848 722 3898 coniunx:
760 3848 1024 3913 Interpol.
1056 3847 1207 3901 Serv.
1237 3849 1375 3899 Aen.
1403 3848 1483 3898 IV
1507 3846 1591 3913 29,
1630 3848 1786 3898 Paul.
1824 3863 1877 3913 p.
1912 3846 1979 3898 89
2017 3864 2058 3899 s.
2097 3866 2147 3899 v.
2186 3844 2466 3900 ‘flammeo'
2504 3846 2593 3909 (fr.
2620 3849 2739 3912 41);

457 3933 612 3984 Paul.
650 3950 703 4000 p.
746 3932 814 3984 65
852 3949 894 3983 s.
936 3950 983 3984 v.
1024 3930 1232 3985 ‘cincta'
1269 3933 1359 3996 (fr.
1399 3934 1522 3998 44);
1565 3933 1829 3999 Interpol.
1869 3932 2021 3986 Serv.
2058 3934 2196 3984 Aen.
2235 3934 2315 3984 IV
2350 3931 2452 3985 518
2490 3931 2581 3995 (fr.
2618 3932 2739 3998 45);

456 4018 722 4086 Interpol.
763 4018 915 4071 Serv.
953 4020 1089 4070 Aen.
1129 4020 1209 4070 IV
1252 4019 1346 4071 137
1401 4022 1456 4071 et
1504 4017 1616 4069 XII
1662 4017 1764 4070 602
1814 4018 1903 4081 (fr.
1942 4018 2011 4071 46
2050 4020 2135 4085 a);
2191 4020 2347 4072 Paul.
2386 4037 2438 4086 p.
2475 4018 2543 4069 89
2580 4022 2635 4070 et
2671 4017 2739 4070 92

457 4120 498 4155 s,
524 4123 572 4155 v.
603 4101 884 4156 ‘flammeo'
922 4103 1011 4167 (fr.
1043 4104 1109 4156 46
1155 4105 1240 4170 a);
1278 4105 1542 4171 Interpol.
1572 4103 1725 4155 Serv.
1752 4106 1890 4156 Aen.
1917 4105 1998 4156 IV
2037 4105 2135 4158 137
2175 4105 2264 4168 (fr.
2302 4105 2371 4157 46
2406 4106 2482 4170 b),
2519 4104 2600 4154 IV
2635 4103 2738 4156 646

457 4189 546 4252 (fr.
585 4189 653 4240 46
694 4192 775 4256 ο);
823 4190 1065 4242 Macrob.
1105 4194 1208 4242 sat.
1245 4191 1273 4240 I
1316 4190 1406 4253 16,
1443 4190 1476 4241 8
1515 4190 1604 4253 (fr.
1643 4190 1750 4255 49).
1790 4188 2143 4258 ‘flaminicae',
2183 4209 2317 4259 quas
2354 4192 2502 4243 Fest.
2527 4199 2595 4258 p.
2644 4189 2733 4243 161

461 4291 503 4326 S.
542 4292 593 4326 v.
635 4273 896 4328 ‘mortuae
933 4274 1178 4343 pecudis'
1216 4278 1495 4343 appellat,
1551 4280 1866 4329 certe·sunt
1902 4279 2168 4330 maiorum
2203 4279 2482 4330 flaminum
2518 4294 2735 4342 uxores,

463 4362 711 4427 quamvis
749 4362 1124 4428 Interpolator
1165 4362 1317 4414 Serv.
1358 4364 1494 4414 Aen.
1533 4363 1612 4413 IV
1649 4362 1750 4415 518
1787 4365 1841 4414 in
1886 4364 2077 4416 eadem
2113 4382 2174 4417 re
2212 4365 2279 4416 de
2317 4361 2624 4418 ‘flaminica'
2657 4366 2737 4415 lo-

458 4451 687 4514 quatur,
743 4447 994 4515 idemque
1050 4450 1199 4500 cadit
1254 4449 1309 4499 in
1345 4449 1494 4500 Fest.
1537 4465 1590 4515 p.
1627 4448 1729 4502 355
1768 4467 1809 4501 s.
1848 4467 1902 4501 v.
1939 4448 2201 4503 ‘tutulum'
2238 4451 2328 4514 (fr.
2368 4451 2486 4516 43),
2539 4468 2593 4518 p.
2633 4450 2737 4502 289

455 4549 498 4584 s.
542 4551 588 4585 v.
630 4530 794 4599 ‘rica'‚
832 4534 964 4585 licet
999 4551 1054 4601 p.
1094 4533 1195 4586 277
1235 4550 1277 4586 s.
1316 4552 1366 4586 v.
1410 4535 1591 4587 ‘ricae'
1632 4535 1698 4587 de
1739 4533 2040 4589 ‘flaminica'
2083 4538 2386 4590 disseratur
2424 4535 2515 4599 (fr.
2556 4536 2621 4587 46
2656 4537 2731 4601 b).

2494 4628 2525 4676 2
