3407 5226
647 451 728 517 68

644 645 1120 709 destinabantur
1179 650 1243 708 et
1299 641 1518 707 abesse
1579 642 1668 706 eis
1728 663 1767 705 a
1825 639 2053 706 finibus
2110 638 2336 706 Italiae
2396 640 2628 707 licebat
2699 661 2903 727 neque

641 769 889 831 semper
976 754 1371 832 praetextam
1459 769 1664 832 neque
1741 748 1987 830 apicem
2070 747 2187 810 nisi
2260 751 2542 830 tempore
2614 749 2906 812 sacrificii

639 858 890 934 gestare
935 852 1102 915 soliti
1147 859 1344 915 erant.

478 963 558 1024 55
845 954 1015 1019 Fest.
1060 977 1123 1040 p.
1169 957 1294 1018 249
1340 977 1390 1018 s.
1439 977 1498 1017 V.
1546 954 1863 1038 ‘praeciae'
1911 982 1991 1007 =
2023 954 2130 1037 fr.
2182 954 2280 1019 31.

824 1266 944 1330 DE
989 1265 1538 1331 FLAMINIBUS
1584 1265 2029 1330 MARTIALI
2072 1265 2185 1330 ΕΤ
2233 1263 2708 1340 QUIRINALI

1407 1368 2129 1434 SUPPLEMENTUM

836 1587 1053 1652 Valer.
1093 1587 1356 1652 Maxim.
1403 1587 1437 1650 I
1492 1590 1545 1668 1,
1595 1589 1634 1650 2
1681 1585 2028 1671 (5121242)
2074 1587 2369 1652 Metellus
2414 1550 2564 1650 vero
2607 1587 2892 1670 pontifex

629 1693 943 1756 maximus
973 1692 1367 1755 Postumium
1400 1692 1724 1755 consulem
1755 1691 2151 1776 eundemque
2182 1692 2501 1755 flaminem
2532 1690 2892 1754 Martialem

627 1797 709 1859 ad
757 1796 993 1860 bellum
1030 1796 1378 1879 gerendum
1410 1796 1698 1860 Africam
1729 1803 2071 1880 petentem,
2120 1817 2199 1860 ne
2231 1818 2270 1859 a
2300 1797 2490 1860 sacris
2521 1794 2891 1877 discederet,

528 1938 586 1982 10
630 1901 830 1963 multa
875 1900 1043 1964 dicta
1086 1901 1309 1963 urbem
1354 1899 1571 1982 egredi
1617 1921 1841 1983 passus
1887 1921 2017 1963 non
2076 1907 2208 1980 est,
2267 1898 2681 1983 religionique
2725 1920 2891 1961 sum-

626 2026 798 2067 mum
845 2004 1181 2088 imperium
1227 2003 1444 2083 cessit,
1506 2003 1671 2087 quod
1719 2008 1856 2067 tuto
1901 2024 1966 2066 se
2012 2002 2373 2066 Postumius
2420 2001 2648 2065 Martio
2692 2009 2892 2065 certa-

622 2108 776 2171 mini
821 2109 1264 2171 commissurus
1324 2128 1453 2170 non
1516 2106 1851 2170 videbatur
1898 2108 2295 2171 caerimoniis
2340 2106 2560 2170 Martis
2605 2106 2886 2170 desertis.

621 2210 761 2274 Liv.
793 2213 944 2294 epit.
976 2210 1144 2273 XIX
1179 2209 1488 2273 Caecilius
1521 2209 1817 2274 Metellus
1861 2210 2158 2294 pontifex
2202 2210 2517 2273 maximus
2548 2209 2627 2273 A.
2657 2209 2887 2274 Postu-

621 2313 818 2376 mium
865 2314 1203 2391 consulem,
1249 2314 1545 2397 quoniam
1593 2313 1762 2376 idem
1809 2320 1872 2376 et
1916 2314 2149 2376 flamen
2187 2312 2493 2377 Martialis
2539 2320 2694 2394 erat,
2742 2335 2886 2377 cum

521 2455 576 2498 15
620 2417 673 2479 is
719 2417 799 2480 ad
847 2417 1085 2480 bellum
1146 2416 1496 2499 gerendum
1555 2415 1868 2499 proficisci
1926 2417 2153 2497 vellet,
2211 2417 2276 2479 in
2319 2416 2476 2480 urbe
2522 2418 2725 2481 tenuit
2768 2438 2884 2481 nec

618 2542 837 2605 passus
895 2528 989 2585 est
1046 2542 1084 2584 a
1144 2521 1334 2584 sacris
1393 2520 1723 2600 recedere3
1785 2521 1865 2584 cf.
1912 2519 2062 2585 Tac.
2110 2542 2251 2585 ann.
2299 2520 2403 2584 III
2451 2523 2523 2583 71
2578 2542 2882 2584 memora-

620 2625 927 2709 baturque
972 2625 1048 2690 L.
1097 2625 1340 2689 Metelli
1393 2626 1705 2709 pontificis
1754 2626 2013 2689 maximi
2058 2626 2439 2716 exemplum,
2487 2626 2593 2710 qui
2640 2625 2881 2690 Aulum

616 2729 1009 2793 Postumium
1077 2730 1396 2792 flaminem
1463 2730 1837 2792 attinuisset.
1952 2728 2080 2793 Cic.
2131 2729 2294 2793 Phil.
2342 2710 2460 2792 X?
2489 2731 2548 2808 8,
2598 2731 2675 2792 18
2737 2751 2879 2793 cum

619 2833 971 2897 Aristonico
1031 2833 1273 2897 bellum
1334 2831 1683 2915 gerendum
1730 2832 1849 2895 fuit
1893 2832 1969 2895 P.
2016 2832 2261 2896 Licinio
2308 2831 2383 2895 L.
2432 2831 2690 2896 Valerio
2735 2855 2877 2896 con-

516 2970 574 3013 20
617 2938 856 3001 sulibus
904 2935 1085 3017 (coss.
1121 2935 1466 3015 623ss131);
1514 2942 1771 3018 rogatus
1817 2942 1909 2998 est
1956 2936 2248 3019 populus,
2296 2956 2483 3019 quem
2529 2936 2593 2999 id
2640 2937 2875 3000 bellum

613 3062 835 3123 gerere
889 3040 1204 3124 placeret,
1251 3038 1510 3102 Crassus
1571 3039 1824 3120 consul,
1884 3039 2176 3122 pontifex
2231 3040 2577 3116 maximuS,
2642 3039 2873 3103 Flacco

613 3145 943 3227 conlegae,
971 3144 1210 3206 flamini
1241 3142 1539 3221 Martiali,
1574 3144 1838 3205 multam
1872 3143 2052 3220 dixit,
2086 3144 2206 3206 sia
2237 3145 2427 3207 sacris
2459 3144 2872 3208 discessisset:

612 3267 803 3330 quam
837 3247 1100 3310 multam
1129 3247 1399 3330 populus
1430 3246 1756 3338 Romanus
1787 3247 2047 3327 remisit,
2094 3247 2374 3330 pontifici
2416 3252 2630 3311 tamen
2674 3248 2873 3310 flami-

610 3370 755 3413 nem
800 3371 1023 3433 parere
1070 3351 1266 3414 iussit.
1314 3350 1393 3413 cf.
1441 3350 1585 3412 Tac.
1637 3371 1781 3413 ann.
1828 3350 1933 3413 III
1979 3353 2060 3412 58
2106 3352 2270 3414 inter
2332 3371 2493 3434 quae
2549 3352 2871 3435 provincia

509 3486 566 3529 25
612 3453 831 3518 Africa
885 3453 1067 3517 Iunio
1113 3453 1341 3517 Blaeso
1397 3461 1776 3537 prorogata,
1832 3454 2087 3517 Servius
2132 3454 2585 3537 Maluginensis
2641 3455 2870 3518 flamen

609 3557 810 3621 Dialis
869 3567 940 3621 ut
984 3557 1206 3621 Asiam
1263 3563 1435 3621 sorte
1502 3557 1762 3620 haberet
1821 3558 2193 3641 postulavit,
2256 3558 2490 3621 frustra
2534 3559 2867 3640 vulgatum

609 3660 899 3725 dictitans
943 3683 1072 3725 non
1119 3663 1307 3726 licere
1353 3661 1643 3725 Dialibus
1708 3662 1925 3745 egredi
1985 3662 2207 3740 Italia,
2277 3682 2483 3746 neque
2542 3663 2713 3726 aliud
2773 3664 2868 3726 ius

606 3787 786 3828 suum
847 3789 1034 3851 quam
1095 3767 1482 3830 Martialium
1537 3766 2086 3849 Quirinaliumque
2148 3767 2504 3830 flaminum:
2569 3788 2753 3850 porro
2814 3767 2866 3829 si

605 3869 671 3932 hi
694 3869 1020 3934 duxissent
1044 3872 1416 3955 provincias,
1447 3892 1556 3933 cur
1576 3870 1864 3934 Dialibus
1888 3871 1951 3933 id
1977 3871 2285 3934 vetitum?
2312 3891 2359 3935 e.
2379 3892 2436 3954 q.
2458 3891 2527 3951 3.,
2550 3869 2739 3953 cffr.
2764 3869 2862 3933 34.

500 4002 559 4044 30
600 3973 742 4037 Liv.
790 3973 1122 4038 XXXVII
1168 3978 1244 4038 47
1271 4023 1287 4053 ,
1357 3978 1394 4037 8
1464 3972 1808 4055 (564s190)
1853 3982 2178 4058 praetores
2236 3974 2468 4038 exinde
2529 3974 2678 4036 facti
2738 3972 2862 4036 duo

600 4077 674 4152 Q.
707 4077 910 4158 Fabii,
955 4078 1173 4141 Labeo
1219 4085 1283 4141 et
1312 4077 1525 4140 Pictor
1560 4114 1632 4123 -—
1670 4077 1885 4142 Pictor
1928 4080 2159 4142 flamen
2192 4077 2533 4151 Quirinalis
2578 4098 2652 4139 eo
2697 4097 2860 4138 anno

599 4183 1184 4265 inauguratus
1250 4182 1456 4246 fuerat
1520 4217 1632 4262 —-,
1693 4183 1781 4246 M.
1844 4182 2249 4267 Sempronius
2295 4181 2679 4261 Tuditanus,
2748 4181 2855 4264 Sp.

595 4285 958 4349 Postumius
1003 4285 1296 4368 Albinus,
1342 4285 1418 4350 L.
1462 4286 1751 4349 Plautius
1797 4286 2156 4371 Hypsaeus,
2201 4286 2275 4349 L.
2323 4285 2598 4349 Baebius
2643 4284 2857 4348 DiveS.

803 4501 821 4534 ¹
859 4500 1256 4551 distinebantur
1293 4500 1591 4550 Masvv'cius
1733 4498 1752 4531 ⁸
1789 4494 2036 4564 gestare]
2075 4513 2293 4549 cessare
2342 4496 2391 4548 T
