3407 5226
2726 474 2809 535 59

849 768 969 834 DE
1014 766 1415 833 FLAMINE
1461 767 1714 833 DIALI
1760 767 2482 834 SUPPLEMENTUM

748 962 910 1028 Gell.
959 985 1018 1028 n.
1067 985 1123 1026 a.
1171 961 1203 1026 Ι
1257 964 1353 1038 12,
1410 963 1480 1023 15
1529 983 1620 1046 sq.
1670 962 1957 1047 plerique
2003 968 2219 1025 autem
2267 963 2458 1045 capi
2505 962 2808 1045 virginem

541 1066 660 1152 (sc.
717 1064 1055 1148 Vestalem)
1119 1065 1321 1129 solum
1389 1065 1626 1129 debere
1692 1063 1814 1128 dici
1876 1072 2126 1149 putant.
2218 1063 2329 1129 sed
2393 1064 2810 1130 flamines

546 1193 802 1261 quoque
872 1169 1199 1248 Diales,
1287 1170 1442 1234 item
1517 1170 1846 1253 pontifices
1922 1166 2042 1252 (cf.
2120 1169 2194 1233 de
2254 1169 2494 1252 pontif.
2569 1167 2812 1254 suppl.)

548 1283 609 1340 et
657 1294 936 1358 augures
985 1271 1161 1356 capi
1207 1270 1600 1336 dicebantur.
1692 1270 1764 1335 L.
1798 1270 1976 1336 Sulla
2022 1292 2232 1336 rerum
2278 1278 2602 1354 gestarum
2652 1272 2810 1336 libro
2861 1281 2887 1322 ⁵

541 1377 821 1444 secundo
893 1375 998 1455 (L.
1050 1374 1299 1440 Corneli
1377 1374 1594 1440 Sullae
1660 1395 1787 1439 rer.
1836 1381 1985 1460 qest.
2031 1374 2146 1453 lib.
2182 1372 2270 1439 II
2328 1374 2421 1453 fr.
2472 1376 2515 1438 2
2573 1396 2640 1459 p.
2690 1376 2814 1439 195

542 1479 755 1565 Peter)
802 1482 892 1546 ita
936 1479 1185 1565 scripsit
1233 1479 1319 1544 Ῥ.
1356 1477 1711 1560 Cornelius,
1761 1479 1861 1541 cui
1906 1478 2172 1563 primum
2208 1498 2565 1560 cognomen
2601 1478 2813 1544 Sullae

540 1585 904 1671 inpositum,
954 1589 1077 1648 est
1121 1583 1425 1647 flamen
1471 1582 1749 1646 Dialis
1797 1588 2106 1666 captus
2193 1581 2332 1646 Liv.
2366 1580 2634 1646 XXVII
2670 1585 2730 1664 8,
2773 1585 2809 1646 5

541 1690 623 1755 ob
699 1687 1196 1753 adulescentiam
1272 1687 1722 1771 neglegentem
1813 1686 2336 1771 luxuriosamque
2413 1684 2482 1749 O.
2547 1686 2809 1750 Flaccus

541 1793 845 1857 flamen
907 1799 1200 1876 captus
1250 1813 1294 1856 a
1327 1791 1400 1855 P.
1433 1789 1680 1854 Licinio
1729 1789 2030 1875 pontifice
2077 1790 2354 1855 maximo
2402 1796 2558 1855 erat.
2636 1789 2805 1855 Gell.
2863 1800 2911 1841 ¹0

543 1921 602 1963 n.
650 1919 706 1961 a.
752 1893 881 1960 XV
928 1898 1028 1971 27,
1081 1898 1107 1959 1
1163 1895 1227 1959 in
1290 1894 1451 1958 libro
1500 1893 1702 1957 Laelii
1749 1892 1976 1957 Felicis
2022 1893 2103 1957 ad
2152 1893 2229 1968 Q.
2280 1893 2560 1958 Mucium
2610 1896 2812 1978 primo

541 1999 756 2084 (Laeli
812 1999 1043 2064 Felicis
1107 1999 1193 2062 ad
1257 2001 1326 2079 Q.
1387 1998 1561 2063 Muc.
1610 1999 1713 2082 fr.
1779 1999 1816 2061 1
1880 2019 1982 2082 ap.
2034 1994 2469 2080 Huschkc‘um,
2531 1998 2811 2082 Iurispr.

542 2103 759 2169 antei.⁴
802 2124 867 2187 p.
918 2101 1070 2186 145)
1115 2103 1416 2187 scriptum
1467 2110 1563 2167 est
1613 2102 1986 2167 Labeonem
2050 2101 2169 2185 (M.
2219 2102 2461 2168 Antisti
2506 2102 2815 2167 Labeonis

540 2209 615 2274 de
657 2211 797 2273 iure
837 2214 1032 2291 pont„
1080 2214 1148 2271 ut
1194 2208 1341 2288 vid„
1372 2206 1482 2291 fr.
1529 2208 1620 2269 22
1663 2207 1813 2271 ibid.
1849 2230 1920 2292 p.
1970 2207 2119 2289 113)
2169 2207 2478 2290 scribere,
2525 2207 2813 2271 calata

543 2312 900 2378 comitia
946 2332 1120 2393 esse,
1176 2331 1341 2396 quae
1386 2332 1501 2394 pro
1552 2312 1824 2394 collegio
1889 2311 2255 2396 pontificum
2321 2311 2636 2376 habentur
2701 2319 2812 2376 aut
2862 2334 2913 2378 15

540 2418 708 2501 regis
778 2422 889 2481 aut
959 2413 1412 2479 flaminum
1482 2414 2299 2499 inaugurandorum
2371 2436 2581 2479 causa.
2671 2415 2809 2480 Liv.

541 2519 810 2584 XXVII
856 2522 929 2602 8,
983 2522 1024 2583 4
1084 2519 1531 2583 flaminem
1596 2520 1935 2584 Dialem
1999 2520 2373 2584 invitum
2441 2520 2810 2603 inaugu-

540 2626 718 2689 rari
763 2624 977 2708 coegit
1024 2623 1095 2688 P.
1133 2622 1409 2688 Licinius
1456 2625 1740 2707 pontifex
1793 2626 2108 2690 maximus
2153 2624 2220 2690 O.
2253 2626 2582 2690 Valerium
2631 2625 2809 2690 Flac-

543 2751 702 2793 cum.
795 2728 878 2793 ib.
928 2727 1161 2792 XXIX
1211 2730 1311 2809 38,
1361 2731 1398 2792 6
1446 2727 1542 2795 Ti.
1590 2729 1897 2794 Veturius
1961 2727 2148 2793 Philo
2211 2730 2440 2793 flamen
2506 2729 2809 2793 Martialis

539 2834 601 2896 in
647 2834 859 2896 locum
908 2831 995 2897 M.
1044 2832 1273 2896 Aemili
1323 2831 1594 2916 Regilli,
1660 2835 1764 2918 qui
1828 2834 2041 2918 priore
2105 2854 2271 2897 anno
2317 2842 2604 2898 mortuus
2653 2840 2807 2911 erat,
2852 2851 2911 2893 20

541 2944 792 3001 creatus
857 2936 1649 3020 inauguratusque.
1743 2937 1826 3001 ib.
1874 2935 2032 3001 XLI
2080 2940 2183 3016 28,
2232 2938 2265 2999 7
2332 2937 2562 3000 flamen
2612 2937 2813 3003 Dialis

540 3041 1131 3123 inauguratus
1179 3046 1276 3104 est
1326 3039 1439 3105 On.
1491 3040 1840 3106 Cornelius.
1892 3041 1979 3124 cf.
2018 3042 2115 3122 fr.
2175 3041 2273 3121 17,
2312 3040 2410 3123 fr.
2461 3041 2541 3103 18
2583 3048 2642 3105 et
2687 3040 2810 3107 Cic.

541 3143 707 3208 Phil.
752 3140 839 3207 II
877 3143 983 3224 43,
1031 3144 1166 3209 110.
1261 3143 1419 3208 Gell.
1468 3165 1526 3209 n.
1574 3167 1626 3208 a.
1679 3144 1746 3207 X
1797 3147 1894 3226 15,
1941 3148 2016 3208 31
2089 3145 2286 3210 verba
2350 3145 2660 3229 praetoris
2727 3168 2810 3210 ex

543 3246 752 3313 edicto
819 3254 1136 3331 perpetuo
1203 3248 1283 3313 de
1346 3249 1602 3312 flamine
1665 3248 1836 3312 Diali
1902 3255 1967 3314 et
2031 3247 2109 3313 de
2176 3248 2505 3314 sacerdote
2570 3250 2810 3314 Vestae

538 3349 879 3436 adscripsi:
946 3347 1358 3416 ‘sacerdotem
1423 3349 1754 3416 Vestalem
1824 3359 1887 3417 et
1955 3353 2404 3417 flaminem
2472 3354 2807 3418 Dialem
2855 3371 2911 3412 25

538 3453 601 3517 in
650 3455 821 3519 omni
866 3475 1013 3520 mea
1056 3453 1490 3520 iurisdictione
1540 3457 1836 3519 iurare
1878 3477 2005 3520 non
2055 3456 2317 3541 cogam'.
2392 3456 2529 3521 Liv.
2576 3455 2814 3521 XXXI

539 3560 657 3633 50,
723 3561 760 3622 6
824 3579 962 3642 sqq.
1027 3558 1375 3640 (554l200)
1441 3560 1713 3625 comitiis
1778 3559 2016 3625 aediles
2089 3560 2338 3625 curules
2403 3560 2597 3623 creati
2664 3567 2813 3624 sunt

537 3661 705 3726 forte
767 3662 995 3743 ambo,
1060 3665 1169 3748 qui
1234 3664 1445 3727 statim
1517 3665 1806 3747 occipere
1875 3664 2313 3749 magistratum
2363 3684 2489 3727 non
2537 3670 2809 3748 possent.

536 3787 682 3829 nam
733 3763 803 3830 O.
840 3764 1178 3832 Cornelius
1225 3765 1552 3852 Cethegus
1600 3767 1833 3833 absens
1880 3774 2131 3834 creatus
2181 3775 2339 3850 erat,
2386 3788 2528 3831 cum
2576 3766 2811 3852 Hispa-

540 3870 708 3933 niam
742 3869 1058 3936 obtineret
1085 3873 1511 3955 provinciam3
1560 3871 1629 3937 O.
1657 3869 1953 3936 Valerius
1977 3871 2259 3951 Flaccus,
2293 3891 2480 3956 quem
2510 3892 2806 3957 praesen·
2854 3889 2911 3931 so

539 3978 667 4040 tem
731 3981 1142 4058 creaverant,
1210 3976 1360 4059 quia
1422 3974 1747 4039 flamen
1791 3975 2083 4039 Dialis
2150 3979 2319 4055 e'rat,
2382 3974 2683 4040 iurare
2730 3975 2810 4037 in

537 4076 785 4161 leges
830 4098 870 4141 n
895 4098 992 4141 on
1041 4098 1082 4163 p
1106 4098 1142 4143 o
1166 4085 1191 4142 t
1215 4084 1418 4157 erat,
1465 4079 1903 4163 magistratum
1939 4085 2152 4144 autem
2184 4079 2326 4163 plus
2361 4078 2642 4163 quinque
2678 4079 2811 4144 dies

537 4181 657 4244 nisi
701 4181 809 4265 qui
851 4181 1132 4247 iurasset
1176 4182 1237 4246 in
1285 4183 1465 4264 leges
1511 4203 1638 4247 non
1686 4182 1917 4248 licebat
1950 4203 2192 4266 gerere.
2261 4188 2520 4266 petente
2554 4181 2811 4264 Flacco,

538 4290 612 4348 ut
655 4284 902 4368 legibus
949 4286 1326 4368 solveretur,
1373 4293 1634 4351 senatus
1685 4288 1995 4370 decrevit,
2043 4293 2135 4366 ut,
2181 4287 2233 4352 si
2279 4285 2498 4352 aedilis
2544 4286 2650 4369 qui
2694 4305 2809 4370 pro

540 4408 610 4452 se
657 4388 894 4453 iuraret
939 4389 1248 4455 arbitratu
1293 4391 1628 4456 consulum
1673 4390 1892 4472 daret,
1942 4391 2232 4455 consules
2268 4390 2322 4454 si
2368 4391 2442 4454 iis
2487 4389 2810 4480 videretur
2856 4413 2912 4455 ss

542 4512 687 4556 cum
741 4490 1009 4556 tribunis
1072 4493 1277 4578 plebis
1339 4499 1650 4578 agerent,
1715 4495 1808 4558 uti
1852 4493 1933 4558 ad
1979 4494 2232 4579 plebem
2276 4493 2535 4558 ferrent.
2625 4492 2813 4558 datus
