3407 5226
2715 428 2793 492 75

532 616 769 681 Vestae
818 618 1011 682 fuisse
1058 619 1165 682 lex
1198 618 1471 682 Horatia
1518 620 1692 682 testis
1742 626 1858 699 est,
1906 640 2066 703 quae
2114 640 2303 703 super
2348 640 2424 682 ea
2470 619 2550 681 ad
2596 639 2796 702 popu-

531 723 663 785 lum
708 723 857 786 lata.
949 744 1074 807 qua
1119 724 1260 805 lege
1307 723 1367 786 ei
1412 723 1669 807 plurimi
1713 723 1986 787 honores
2033 723 2217 805 fiunt,
2261 724 2426 786 inter
2466 744 2621 807 quos
2665 723 2748 785 iu
2770 745 2798 785 s

532 848 869 912 quoque
937 828 1436 891 testimonii
1502 827 1854 892 dicendi
1919 827 2354 892 tribuitur
2419 827 2797 891 testabi-

532 932 818 1015 lisque
906 952 1064 994 una
1139 932 1504 995 omnium
1578 932 2100 995 feminarum
2173 937 2262 995 ut
2334 932 2450 994 sit
2523 929 2796 995 datur.

528 1034 701 1098 Plut.
749 1033 938 1099 Num.
990 1039 1070 1100 10
1116 1034 1297 1115 τιμοές
1342 1036 1410 1098 δὲ
1452 1034 1730 1117 μεγάλας
1776 1034 2082 1099 ἀπέδωκεν
2127 1037 2246 1113 (sc.
2292 1031 2538 1118 Numa)
2585 1031 2796 1109 αὐταῖς
2842 1046 2869 1087 5

414 1152 419 1157 “
527 1138 640 1219 (sc.
690 1139 1042 1222 viminibus
1082 1137 1476 1219 Vestalibus),
1524 1135 1608 1202 ὦν
1654 1140 1780 1203 ἔστι
1829 1142 1925 1203 καὶ
1970 1138 2055 1203 td
2103 1142 2143 1202 δ
2154 1168 2171 1201 ι
2190 1138 2395 1203 αθέσ
2418 1144 2555 1201 θαι
2606 1139 2798 1210 ζῶν·

533 1268 666 1319 τος
711 1245 1023 1318 ἐξεῖναι
1070 1241 1394 1323 πατρός.

736 1374 906 1437 Plut.
951 1372 1164 1437 Numa
1217 1377 1293 1437 10
1340 1373 1518 1452 τιμοῖς
1582 1375 1646 1437 δὲ
1703 1370 1975 1455 μεγάλας
2036 1371 2341 1436 ἀπέδωκεν
2386 1373 2505 1449 (sc.
2551 1371 2795 1454 Numa)
2878 1370 2957 1431 67

529 1477 744 1556 αὔταῖς
790 1477 902 1561 (sc.
949 1478 1301 1563 virqinibus
1356 1476 1759 1560 Vestalibus),
1808 1473 1896 1541 ὦν
1939 1477 2066 1541 ἔστι
2113 1527 2127 1541 .
2163 1527 2178 1569 .
2222 1473 2315 1541 m}
2338 1479 2485 1541 λλα
2543 1474 2799 1561 πράτ-

529 1606 703 1645 τειν
766 1579 961 1647 ἄνευ
1025 1581 1511 1667 προστάτου
1572 1581 2054 1664 διαγούσας.
2143 1582 2340 1647 Gaius
2401 1583 2545 1648 inst.
2593 1582 2901 1646 114510

530 1688 741 1771 itaque
788 1689 842 1751 si
887 1691 1028 1773 quis
1072 1689 1201 1753 filio
1247 1688 1541 1771 filiaeque
1604 1693 1989 1751 testamento
2053 1692 2326 1751 tutorem
2389 1685 2671 1767 dederit,
2735 1693 2799 1751 et

533 1789 719 1852 ambo
750 1791 831 1854 ad
863 1793 1263 1875 pubertatem
1302 1790 1729 1874 pervenerint,
1775 1789 1940 1853 filius
1987 1789 2244 1874 quidem
2290 1789 2520 1854 desinit
2563 1789 2798 1854 habere

534 1900 837 1971 tutorem,
895 1894 1026 1957 filia
1089 1915 1238 1957 vero
1300 1893 1703 1957 nihilominus
1751 1893 1815 1956 in
1863 1893 2062 1956 tutela
2123 1899 2483 1976 permanet:
2550 1897 2796 1956 tantum

535 1997 703 2061 enim
765 1984 862 2061 ex'
906 1998 1048 2081 lege
1118 1998 1285 2061 Iulia
1349 2005 1411 2061 et
1474 1998 1678 2082 Papia
1737 1996 2099 2082 Pop[pa]ea
2160 1997 2298 2061 iure
2359 1996 2700 2065 liberorum
2758 2017 2798 2060 a

532 2103 730 2166 tutela
759 2103 1108 2166 liberantur
1138 2102 1431 2167 feminae.
1493 2103 1808 2187 loquimur
1851 2108 2067 2165 autem
2113 2102 2394 2185 exceptis
2441 2099 2793 2183 virginibus
2847 2131 2895 2172 15

530 2205 917 2287 Vestalibus,
965 2227 1120 2291 quas
1151 2208 1342 2270 etiam
1374 2213 1620 2270 veteres
1652 2206 1718 2270 in
1750 2204 2107 2288 honore[m]
2140 2203 2530 2287 sacerdoti[i]
2563 2205 2795 2268 liberas

528 2332 666 2375 esse
702 2312 1071 2376 voluerunt:
1120 2312 1333 2395 itaque
1379 2312 1570 2375 etiam
1601 2309 1796 2394 leg[e]
1832 2309 1967 2373 XII
1999 2311 2359 2374 tabularum
2391 2316 2647 2375 cautum
2678 2315 2797 2382 est,

741 2440 907 2504 Gell.
941 2462 1003 2504 n.
1036 2463 1093 2504 a.
1127 2440 1159 2502 I
1195 2443 1294 2520 12,
1345 2443 1423 2504 18
1471 2448 1804 2525 praeterea
1847 2442 1910 2504 in
1957 2441 2425 2504 commentariis
2455 2439 2793 2523 Labeonis,
2840 2438 2921 2500 68

529 2565 690 2628 quae
724 2545 804 2607 ad
838 2545 1169 2608 duodecim
1201 2545 1450 2608 tabulas
1483 2546 1857 2630 composuit,
1903 2546 1995 2607 ita
2028 2545 2332 2629 scriptum
2363 2550 2491 2609 est:
2537 2541 2735 2629 ‘virg
2755 2566 2791 2609 o

528 2648 927 2713 Vestalis
1003 2671 1274 2734 neque
1349 2650 1601 2713 heres
1676 2657 1810 2713 est
1876 2651 2275 2733 cuiquam
2347 2649 2786 2713 intestato
2832 2661 2892 2704 20

526 2774 798 2837 neque
857 2754 1348 2817 intestatae
1410 2755 1903 2838 quisquam,
1971 2753 2117 2818 sed
2183 2754 2398 2817 bona
2459 2753 2646 2817 eius
2709 2754 2792 2817 in

523 2857 965 2941 publicum
1008 2856 1298 2940 redigi
1343 2857 1621 2921 aiunt'.

529 3148 739 3199 alterae
773 3150 900 3213 post
937 3149 1196 3211 mortem,
1236 3145 1502 3198 Taraciae
1553 3148 1737 3198 autem
1790 3146 1951 3198 vivae
1988 3146 2311 3213 amplissimi
2345 3148 2582 3198 honores
2624 3164 2656 3199 a
2692 3162 2790 3214 po·
2897 3215 2900 3216 ⁷

523 3234 654 3301 pulo
690 3234 938 3285 Romano
975 3232 1166 3284 habiti.
1230 3235 1297 3283 et
1335 3231 1709 3284 Taraciam
1747 3272 1759 3285 .
1802 3273 1814 3284 .
1855 3273 1867 3284 .
1907 3232 2136 3285 datur.
2175 3233 2231 3284 id
2266 3234 2492 3286 verbum
2530 3237 2613 3286 est
2648 3233 2790 3300 legis

524 3320 695 3386 ipsius
732 3320 998 3372 Horatiae
1038 3336 1079 3370 e.
1115 3336 1164 3385 q.
1204 3335 1246 3370 8.
1348 3318 1492 3370 Plut.
1532 3318 1710 3371 Numa
1750 3318 1816 3372 10
1851 3321 2065 3388 τιμάς
2119 3321 2191 3372 δὲ
2228 3359 2240 3371 .
2283 3358 2293 3369 .
2333 3359 2345 3372 .
2384 3321 2657 3388 πατρὸς
2710 3327 2790 3372 καὶ

527 3409 678 3458 τᾶλλα
715 3405 955 3476 πράττειν
989 3406 1109 3458 ἄνευ
1146 3409 1437 3473 προστάτου
1472 3405 1745 3475 διαγούσας,
1784 3411 1949 3476 ὥσπερ
1987 3409 2039 3459 αἶ
2074 3408 2340 3476 τρίπαιδες.

731 3518 797 3570 67
869 3519 1012 3570 Plut.
1050 3518 1229 3571 Numa
1269 3519 1332 3569 lO
1368 3517 1511 3587 τιμιὲς
1547 3520 1603 3570 δὲ
1634 3524 1851 3590 μεγάλας
1904 3519 2164 3572 ἆπέδωκεν
2215 3519 2412 3584 αὑταῖς,
2464 3520 2534 3573 ὦν
2570 3524 2672 3572 ἔστι
2707 3527 2789 3573 καὶ

523 3605 581 3658 τό
621 3607 891 3658 διαθέσθαι
928 3607 1105 3667 ζῶντος
1139 3607 1306 3666 ἕξεῖιοι
1345 3607 1533 3673 πατρὸς
1570 3605 1666 3671 (cf.
1692 3606 1782 3670 fr.
1821 3606 1950 3672 6611)
1989 3613 2070 3658 καὶ
2119 3600 2324 3659 τᾶλλα
2365 3647 2376 3659 .
2415 3645 2427 3658 .
2467 3645 2479 3658 .
2517 3609 2787 3676 διαγού-

524 3714 648 3753 σας,
690 3696 855 3757 ὥσπερ
892 3694 941 3743 αἱ
982 3694 1232 3760 τρίπαιδες
1270 3694 1364 3755 (cf.
1393 3694 1480 3759 fr.
1519 3693 1632 3758 82).

730 3802 799 3855 68
870 3803 1007 3856 Gell.
1045 3823 1096 3856 n.
1138 3822 1186 3857 a.
1224 3805 1372 3872 112,
1415 3804 1475 3857 18
1512 3808 2041 3873 praeterea..
2082 3841 2094 3856 .
2134 3806 2373 3857 aiunt.
2435 3805 2491 3856 id
2529 3822 2634 3872 quo
2670 3805 2789 3858 iure

525 3890 636 3956 fiat,
675 3891 990 3957 quaeritur'.
1068 3891 1177 3943 Cic.
1216 3908 1331 3958 rep.
1368 3892 1454 3943 III
1494 3891 1573 3957 10,
1614 3892 1677 3944 17
1716 3908 1812 3945 cur
1868 3892 2069 3959 virgini
2107 3892 2322 3944 Vestali
2359 3892 2430 3944 sit
2465 3881 2645 3957 herbe,
2682 3909 2790 3945 non

526 3976 596 4027 sit
633 3978 795 4029 matri
833 3979 1010 4030 suae?

726 4220 748 4254 ‘⁴
801 4221 872 4272 sit
929 4221 1089 4274 datur
1141 4221 1192 4270 V
1241 4223 1319 4274 sic
1375 4222 1587 4275 dicatur
1625 4245 1655 4284 ς
1796 4225 1839 4260 ¹⁶
1893 4220 2123 4289 liberas]
2179 4225 2353 4276 tutela
2405 4224 2609 4277 liberas
2662 4227 2784 4277 coni

525 4303 777 4357 Huschke
875 4309 915 4342 ¹⁷
953 4305 1131 4374 leg[e]
1168 4306 1280 4358 XII
1317 4305 1650 4375 tabularum]
1692 4307 1824 4361 XII
1854 4308 1991 4360 tabb.
2030 4309 2135 4362 tab.
2189 4310 2239 4362 V
2278 4314 2307 4362 1
2337 4328 2397 4377 p.
2441 4314 2540 4363 126
2580 4312 2789 4365 Schoell

516 4408 576 4457 p.
612 4393 678 4442 21
714 4391 941 4452 Bruns'*
1069 4395 1112 4429 ²⁸
1159 4393 1456 4461 Labeonis]
1493 4396 1568 4448 M.
1610 4396 1822 4449 Antisti
1860 4396 2131 4451 Labeonis
2166 4399 2239 4450 ad
2278 4397 2412 4450 XII
2445 4399 2548 4452 tab.
2588 4398 2776 4453 libror.

518 4478 606 4547 fr.
645 4480 719 4530 24
755 4496 814 4548 p.
858 4482 966 4531 113
1004 4498 1091 4551 ap.
1129 4479 1490 4550 Husolckium,
1526 4481 1773 4554 Iurispr.
1812 4484 2015 4540 antem
