3407 5226
2733 465 2806 526 61

748 664 1052 752 Interpol.
1101 662 1277 729 Serv.
1339 661 1499 727 Aen.
1564 657 1661 724 IV
1708 661 1789 724 29
1850 682 2000 724 sane
2071 658 2469 722 caerimoniis
2532 663 2819 720 veterum

543 775 1064 841 flaminicam
1125 769 1289 832 nisi
1354 788 1592 831 unum
1655 767 1921 828 virum
1986 762 2306 827 habere
2372 783 2519 825 non
2588 762 2815 824 licet.

547 879 727 944 Paul.
772 898 833 961 p.
882 878 964 939 89
1011 898 1059 939 s.
1105 895 1165 937 v.
1213 873 1540 937 flammeo:
1611 921 1624 934 .
1675 919 1688 933 .
1738 867 2209 946 flaminica,
2271 864 2333 928 id
2397 871 2492 928 est
2549 865 2817 928 flaminis

545 1005 756 1064 uxor,
844 981 944 1044 cui
1032 1000 1194 1042 non
1281 975 1624 1039 licebat
1730 973 2031 1037 facere
2138 970 2639 1034 divortium.
2732 967 2817 1047 cf.

541 1089 640 1173 fr.
687 1086 884 1149 24tu
928 1089 984 1148 et
1030 1083 1137 1146 37.

754 1206 926 1270 Fest.
975 1225 1035 1288 p.
1089 1205 1203 1266 161
1277 1206 1673 1265 mortuae
1738 1196 2105 1282 pecudis
2170 1195 2411 1258 corio
2474 1193 2822 1257 calceos

549 1319 694 1377 aut
756 1309 1050 1374 soleas
1114 1306 1329 1370 fieri
1393 1301 1892 1368 flaminicis
1955 1300 2205 1380 nefas
2268 1299 2644 1363 habetur
2708 1315 2739 1350 ³⁸
2787 1315 2821 1349 π*

552 1415 695 1480 sed
743 1420 889 1477 aut
937 1412 1283 1475 occisae
1347 1408 1686 1492 alioqui
1752 1410 1898 1469 aut
1962 1404 2479 1485 inmolatae,
2524 1403 2821 1487 quoniam

550 1540 664 1583 sua
712 1522 910 1581 morte
957 1517 1240 1579 extincta
1285 1512 1496 1578 omnia
1541 1512 1795 1574 funesta
1841 1513 2007 1572 sunt.
2071 1506 2380 1591 Interpol.
2429 1506 2606 1571 Serv.
2654 1505 2819 1570 Aen.

551 1622 648 1688 IV
695 1623 819 1686 518
874 1640 1025 1684 sane
1088 1617 1609 1681 flaminicae
1672 1634 1840 1677 non
1903 1611 2242 1675 licebat
2305 1631 2580 1694 neque
2645 1610 2822 1672 cal-

553 1720 746 1790 ceos
806 1743 1082 1807 neque
1145 1721 1440 1784 soleas
1503 1716 2033 1781 morticinas
2095 1714 2439 1778 habere.

760 1843 930 1907 Fest.
976 1864 1039 1927 p.
1081 1844 1204 1909 355
1253 1841 1634 1905 tutulum
1681 1837 1897 1902 vocari
1943 1837 2120 1900 aiunt
2164 1836 2823 1898 flaminicarum

554 1947 880 2033 capitis
924 1952 1563 2023 ornamentum,
1618 1942 1839 2027 quod
1886 1942 2058 2005 fiat
2103 1941 2334 2003 vitta
2377 1959 2825 2024 purpurea

557 2054 881 2115 innexa
927 2048 1328 2113 crinibus
1375 2053 1454 2111 et
1500 2053 2056 2110 exstructum
2102 2045 2181 2107 in
2229 2041 2823 2106 altitudinem.

555 2154 642 2233 cf.
686 2153 780 2232 fr.
828 2154 937 2219 22.
986 2152 1087 2217 56.
1135 2151 1238 2216 86.

761 2275 946 2339 Paul.
991 2297 1052 2359 p.
1101 2276 1181 2337 65
1229 2273 1519 2337 cincta
1582 2272 1899 2335 flaminica
1952 2276 2127 2335 veste
2185 2270 2401 2334 velata
2447 2269 2532 2353 cf.
2565 2268 2671 2351 fr.
2717 2268 2821 2333 47.

761 2396 1068 2480 Interpol.
1116 2395 1292 2460 Serv.
1341 2394 1503 2457 Aen.
1553 2392 1650 2456 IV
1695 2395 1821 2456 518
1871 2413 2022 2456 sane
2086 2392 2608 2455 flaminicae
2666 2411 2826 2453 non

561 2503 960 2566 licebat.
1003 2545 1016 2559 .
1063 2519 1322 2582 supra
1389 2518 1612 2582 genu
1677 2496 2217 2560 succinctam
2285 2515 2493 2559 esse.

766 2744 830 2795 41
904 2741 1167 2810 Interpol.
1207 2740 1358 2792 SerV.
1397 2740 1534 2792 Aen.
1562 2738 1731 2792 1V29
1769 2755 1941 2791 sane
1979 2740 2449 2791 caerimoniis
2490 2779 2502 2791 .
2534 2778 2544 2789 .
2573 2778 2585 2791 .
2624 2741 2830 2804 licet,

559 2831 703 2899 quod
756 2831 845 2883 hic
900 2847 968 2883 ex
1023 2844 1262 2897 persona
1324 2827 1553 2878 Didonis
1616 2826 1934 2893 exsequitur
1955 2865 1968 2892 ‚
2029 2826 2263 2877 dolentis
2325 2829 2573 2893 stuprum
2636 2824 2830 2889 (ueluti

559 2922 806 2985 stuprum
867 2917 943 2980 T)
994 2915 1289 2967 admissum
1338 2915 1395 2965 in
1445 2929 1631 2966 amore
1669 2913 1925 2977 Aeneae,
1981 2912 2126 2980 quod
2175 2928 2343 2979 supra
2381 2911 2542 2963 dictis
2581 2913 2829 2964 versibus

560 3003 816 3070 probavit
853 3002 963 3054 ‘ille
1000 3017 1150 3053 meos
1188 2997 1409 3068 primus'
1447 3004 1503 3051 et
1539 3000 1771 3065 reliqua.
1843 3015 1945 3050 nec
2000 2998 2202 3050 flamini
2242 3015 2284 3049 e.
2324 3017 2371 3065 q.
2411 3015 2476 3064 8.,
2512 2999 2585 3063 cf.
2613 2998 2702 3062 fr.
2742 3001 2829 3050 37.

560 3090 715 3140 Paul.
741 3104 796 3154 p.
824 3088 891 3139 89
918 3087 1167 3139 flammeo
1196 3086 1448 3138 amicitur
1474 3086 1683 3137 nubens
1712 3085 1905 3136 ominis
1939 3085 2067 3136 boni
2105 3101 2289 3150 causa,
2328 3084 2473 3151 quod
2511 3100 2574 3136 eo
2613 3084 2831 3136 assidue

560 3174 815 3225 utebatur
854 3171 1233 3224 flaminica
1271 3211 1282 3222 .
1324 3211 1333 3222 .
1377 3210 1389 3222 .
1428 3170 1841 3223 divortium.

768 3276 834 3326 42
906 3276 1168 3343 Interpol.
1197 3274 1347 3327 Serv.
1374 3276 1510 3327 Aen.
1539 3275 1618 3326 IV
1643 3273 1746 3327 518
1782 3291 1914 3326 sane
1951 3275 2386 3329 flaminicae
2414 3314 2426 3327 .
2455 3315 2466 3327 .
2497 3314 2507 3325 .
2534 3276 2833 3341 habere3

564 3363 882 3415 morticinae
921 3364 1102 3413 autem
1150 3361 1431 3427 dicuntur,
1481 3378 1620 3428 quae
1660 3361 1727 3413 de
1765 3360 2065 3428 pecudibus
2103 3378 2203 3414 sua
2240 3366 2436 3429 sponte
2474 3363 2700 3414 mortuis
2738 3362 2835 3414 fie-

560 3451 724 3516 bant3
761 3465 937 3516 neque
975 3464 1143 3515 supra
1180 3464 1326 3514 genu
1363 3447 1696 3500 succinctam
1736 3463 1859 3500 esse
1897 3465 1939 3500 e.
1979 3465 2027 3515 q.
2067 3465 2129 3514 3.,
2165 3450 2239 3514 cf.
2266 3449 2355 3513 fr.
2393 3451 2475 3501 45.

769 3535 836 3588 43
907 3535 1053 3587 Fest.
1093 3551 1146 3601 p.
1181 3533 1285 3587 355
1321 3535 1625 3586 tutulum
1664 3574 1676 3586 .
1710 3573 1722 3585 .
1750 3573 1762 3585 .
1801 3535 2283 3586 altitudinem.
2358 3535 2594 3602 quidam,
2630 3535 2834 3603 pileum

560 3625 805 3675 lanatum
855 3622 1032 3672 forma
1080 3620 1268 3672 metali
1317 3619 1641 3686 figuratum,
1692 3636 1799 3687 quo
1850 3620 2095 3672 flamines
2146 3637 2210 3672 ac
2260 3620 2546 3688 pontifices
2593 3624 2834 3686 utantur,

565 3708 757 3760 eodem
793 3707 1009 3758 nomine
1046 3706 1252 3759 vocari.

767 3812 835 3864 45
907 3812 1170 3878 Interpol.
1211 3809 1361 3863 Serv.
1400 3811 1536 3862 Aen.
1575 3810 1655 3862 IV
1691 3809 1794 3863 518
1830 3827 1963 3863 sane
2000 3811 2424 3863 flaminicae
2474 3827 2608 3863 non
2658 3813 2835 3865 lice·

566 3900 660 3951 bat
695 3914 872 3967 neque
909 3899 1123 3950 calceos
1160 3913 1338 3965 neque
1377 3898 1556 3949 soleas
1593 3898 1910 3950 morticinas
1946 3898 2153 3950 habere
2191 3936 2203 3948 .
2249 3937 2261 3949 .
2301 3895 2400 3962 (cf.
2417 3898 2503 3963 fr.
2531 3898 2623 3961 42)
2658 3914 2834 3966 neque

565 3999 784 4052 supra
832 4000 1016 4051 genu
1061 3984 1503 4036 succinctam
1541 3999 1717 4050 esse,
1757 3984 1900 4051 quod
1936 3985 2024 4036 hic
2063 3985 2179 4036 vult
2216 3988 2448 4051 tangere
2484 3982 2835 4051 (intellegere

772 4179 791 4211 1
830 4175 1177 4228 caerimoniis
1214 4178 1462 4227 veterum
1499 4193 1538 4228 e.
1580 4193 1626 4243 q.
1667 4193 1711 4228 8.
1751 4179 1809 4228 in
1850 4190 1954 4240 my.
2004 4174 2051 4225 T
2167 4175 2187 4211 ²
2225 4192 2334 4227 non
2369 4176 2571 4228 licebat
2606 4177 2712 4228 nisi
2738 4216 2751 4228 .
2782 4216 2794 4228 .
2821 4216 2833 4229 .

567 4260 771 4312 habere
807 4260 854 4311 T
876 4260 1079 4312 licebat
1114 4260 1345 4311 Ambros
1435 4264 1453 4295 ‘¹
1491 4259 1803 4327 flaminicis]
1841 4260 2147 4312 flaminibus
2177 4277 2283 4327 pro
2320 4262 2604 4314 flaminicis
2640 4263 2835 4314 habent

577 4346 740 4398 Pauli
771 4346 903 4398 codd
932 4363 990 4412 p.
1036 4349 1136 4397 160
1175 4363 1219 4398 8.
1255 4363 1302 4398 v.
1343 4351 1601 4399 ‘mortuae
1636 4347 1873 4414 pecudis'
2017 4349 2037 4382 ⁸
2074 4364 2151 4414 sq.
2190 4348 2394 4416 alioqui
2443 4351 2536 4400 aut
2584 4364 2649 4412 vy
2699 4348 2835 4401 alio-

569 4432 781 4500 quiaint
814 4432 870 4483 F
956 4433 1001 4466 ¹⁰
1037 4448 1170 4484 sane
1206 4432 1411 4485 flamini
1447 4435 1537 4486 uel
1575 4434 1881 4486 flaminicae
1917 4450 2029 4485 non
2064 4435 2267 4487 licebat
2302 4452 2344 4487 e.
2381 4452 2429 4501 q.
2466 4451 2511 4485 s.
2548 4437 2608 4486 in
2646 4451 2751 4502 my.
2788 4436 2837 4487 T

569 4518 614 4554 ¹⁹
650 4535 833 4586 genua
869 4518 1104 4570 Ambros

2897 653 2972 715 41

2902 1189 2985 1251 42

2868 1626 2924 1669 10

2905 1830 2988 1892 43

2870 2178 2925 2220 15

2908 2280 2988 2340 44

2906 2400 2988 2461 45
