3407 5226
594 462 698 543 26.

593 652 947 729 flaminem,
1007 651 1060 714 si
1117 662 1388 714 uxorem
1433 651 1776 729 amisisset,
1830 652 2128 717 flamonio
2174 653 2480 718 decedere
2527 652 2864 738 oportebat

596 754 704 838 (fr.
731 757 812 818 24
838 758 895 835 1)
921 777 1127 841 neque
1158 755 1255 819 fas
1285 761 1422 819 erat
1444 762 1766 820 mortuum
1790 757 2103 839 attingere
2130 757 2240 833 (fr.
2268 760 2350 820 24
2374 757 2463 837 v),
2495 757 2862 821 exolevisse.

595 860 710 923 has
766 860 962 943 igitur
1020 881 1216 924 novas
1275 859 1688 924 caerimonias
1747 880 1891 923 cum
1951 881 2064 946 per
2123 881 2190 923 se
2249 866 2737 924 consentaneum
2784 860 2865 922 sit

595 963 792 1045 libris,
839 964 947 1047 qui
992 969 1173 1027 erant
1217 963 1298 1028 de
1343 963 1771 1027 sacerdotibus
1816 964 2121 1047 publicis,
2167 963 2446 1027 adiectas
2491 985 2648 1045 csse,
2694 962 2863 1026 idem

595 1067 730 1130 iure
776 1065 856 1131 de
901 1066 979 1131 fr.
1028 1069 1111 1130 52
1158 1068 1465 1151 suspicari
1526 1067 1680 1130 mihi
1743 1067 1979 1132 videor.
2070 1088 2454 1151 quamquam
2500 1067 2670 1130 enim
2715 1066 2865 1129 Tac.

595 1191 742 1234 ann.
802 1168 901 1233 IV
969 1172 1047 1234 16
1137 1177 1354 1234 narrat
1420 1170 1675 1235 Tiberio
1756 1172 2141 1255 imperatore
2215 1170 2424 1252 legem
2497 1170 2690 1233 latam
2718 1219 2737 1250 ,
2799 1175 2870 1232 ut

593 1274 911 1337 flaminica
956 1272 1161 1337 Dialis
1204 1295 1525 1338 sacrorum
1572 1295 1761 1338 causa
1805 1276 1871 1337 in
1918 1280 2228 1357 potestate
2274 1275 2422 1354 viri,
2467 1280 2679 1337 cetera
2726 1294 2865 1355 pro-

597 1378 789 1441 misco
835 1378 1218 1442 feminarum
1263 1380 1399 1442 iure
1445 1385 1685 1460 ageret,
1734 1385 1949 1442 tamen
1994 1399 2134 1442 eam
2182 1377 2539 1461 pontifices,
2597 1398 2740 1440 cum
2786 1375 2867 1438 ad

596 1481 693 1544 ius
723 1502 968 1544 sacrum
998 1481 1352 1546 flaminicae
1385 1482 1749 1565 pertineret,
1794 1483 1955 1546 adeo
2001 1503 2127 1545 non
2173 1487 2465 1565 poterant
2510 1480 2870 1563 neglegere,

597 1589 665 1647 111
708 1584 902 1647 8118111
946 1586 1245 1649 notitiam
1277 1585 1424 1649 ‘eius
1469 1585 1645 1650 libris
1689 1587 1818 1650 suis
1862 1585 2220 1669 ascripsisse
2264 1585 2532 1669 putandi
2577 1585 2731 1660 sint,
2790 1583 2870 1645 si-

596 1688 724 1750 cuti
771 1687 850 1750 de
895 1685 1263 1753 Vestalibus
1325 1710 1573 1774 quoque
1632 1690 1809 1773 leges
1869 1687 2337 1753 commentariis
2383 1689 2510 1752 suis
2556 1707 2871 1751 commen-

595 1789 776 1854 dasse
824 1792 1178 1858 videntur1.
1238 1794 1367 1857 iam
1413 1794 1477 1857 in
1521 1794 1795 1857 flaminis
1836 1793 2317 1876 flaminicaeque
2363 1789 2757 1854 caerimoniis
2800 1794 2872 1851 ut

596 1894 927 1977 paululum
988 1897 1348 1961 etiamnunc
1412 1919 1758 1962 commorer
1820 1896 2126 1960 nonnulla
2180 1897 2539 1978 fragmenta
2582 1899 2868 1976 poscunt.

596 1997 676 2064 de
735 1999 1025 2082 captione
1091 1999 1363 2063 flaminis
1430 1999 1586 2063 haec
1647 1999 2233 2084 praecipiebantur,
2300 2005 2371 2063 ut
2432 2005 2562 2061 tres
2624 1997 2870 2081 patricii

595 2102 1012 2167 confarreatis
1071 2103 1440 2188 parentibus
1503 2105 1705 2187 geniti
1766 2104 2283 2191 nominarentur,
2343 2125 2378 2167 8
2424 2101 2651 2187 quibus
2708 2122 2871 2164 unus

596 2209 917 2292 legeretur
978 2206 1083 2288 (fr.
1137 2208 1235 2270 12.
1291 2206 1429 2287 13):
1491 2207 1662 2291 quod
1722 2227 1867 2269 cum
1929 2206 2075 2270 Tac.
2135 2228 2281 2269 ann.
2331 2204 2428 2269 IV
2478 2209 2555 2268 16
2617 2211 2866 2268 vetusto

599 2331 775 2374 more
819 2310 956 2373 fieri
1001 2309 1370 2389 affirmaret,
1415 2310 1550 2394 ipse
1597 2311 1871 2394 priscum
1902 2308 2242 2373 sacerdotii
2273 2309 2368 2372 ius
2399 2330 2437 2372 a
2469 2308 2870 2392 pontificibus

598 2413 1008 2476 constitutum
1056 2412 1466 2495 significavit,
1529 2434 1653 2497 quo
1701 2412 1890 2475 simul
1937 2418 2223 2475 sanctum
2270 2417 2440 2491 erat,
2499 2417 2570 2474 ut
2616 2412 2705 2490 is,
2762 2411 2871 2495 qui

597 2523 962 2600 caperetur,
1025 2537 1060 2579 e
1123 2517 1332 2600 patria
1394 2521 1707 2600 potestate
1752 2517 1958 2579 exiret
2004 2514 2113 2599 (fr.
2167 2513 2300 2598 14).
2390 2513 2555 2579 Fabi
2599 2516 2673 2578 fr.
2722 2517 2802 2577 24
2848 2515 2869 2577 i

600 2621 900 2703 capillum
960 2620 1178 2684 Dialis
1235 2622 1363 2684 nisi
1419 2622 1528 2707 qui
1593 2620 1749 2684 liber
1806 2620 1982 2683 homo
2041 2627 2128 2684 est
2187 2641 2313 2684 non
2375 2620 2650 2684 detonset
2711 2620 2869 2683 bene

597 2725 929 2808 suppletur
977 2723 1163 2789 Serv.
1200 2724 1366 2788 Aen.
1414 2724 1448 2786 I
1494 2727 1618 2787 448
1670 2724 1912 2805 flamen
1955 2724 2175 2788 Dialis
2221 2725 2422 2788 aereis
2469 2724 2694 2787 cultris
2738 2729 2871 2785 ton-

598 2826 864 2892 debatur
881 2827 927 2893 2.
993 2828 1222 2893 deinde
1267 2828 1765 2892 vetustissimam
1828 2828 2100 2891 flaminis
2167 2828 2540 2911 religionem
2597 2847 2870 2890 comme·

597 2932 865 2995 moravit
909 2931 1053 2996 Liv.
1099 2931 1161 2995 V
1207 2934 1326 3013 52,
1392 2935 1471 2996 13
1518 2932 1778 3011 flamini
1820 2931 2009 2996 Diali
2067 2938 2304 3003 noctem
2365 2950 2562 2994 anam
2619 2949 2874 2992 manere

598 3041 780 3099 extra
841 3035 1053 3098 arbem
1108 3037 1294 3119 nefas
1354 3042 1444 3100 est
1506 3037 1616 3112 (fr.
1663 3037 1749 3099 24
1796 3035 1925 3116 n1):
2002 3035 2160 3100 haec
2216 3041 2441 3119 postea
2499 3033 2871 3118 pontificum

599 3137 876 3218 decreto,
921 3138 999 3203 de
1045 3161 1168 3224 quo
1215 3160 1275 3223 p.
1323 3141 1404 3202 25
1451 3139 1699 3203 locutus
1745 3160 1906 3219 sum,
1952 3140 2165 3203 levata
2210 3144 2326 3203 cst.
2416 3139 2592 3221 leges
2638 3137 2717 3201 de
2762 3138 2871 3200 fla·

597 3242 793 3307 minio
829 3243 1081 3308 camillo
1112 3250 1177 3306 et
1207 3243 1489 3307 flaminia
1521 3243 1775 3307 camilla
1803 3263 2041 3324 sacrae,
2087 3263 2243 3326 quas
2273 3242 2353 3305 fr.
2389 3243 2471 3304 30
2502 3242 2870 3325 complexus

598 3368 773 3428 sum,
836 3345 1304 3431 quodammodo
1350 3348 1575 3430 augeri
1620 3352 1880 3430 possunt
1923 3345 2000 3410 fr.
2050 3347 2163 3409 86:
2212 3366 2360 3408 nam
2407 3346 2598 3426 talia,
2659 3344 2873 3428 qualia

597 3449 678 3513 de
723 3448 1056 3514 curionum
1109 3450 1376 3514 camillis
1419 3449 1693 3513 valuisse
1740 3470 1776 3512 e
1818 3448 2092 3532 DionyS.
2131 3447 2342 3511 Halic.
2391 3447 2460 3510 ΙΙ
2507 3450 2588 3510 22
2633 3448 2871 3532 perspi-

599 3574 788 3617 cuum
844 3554 951 3636 fit,
1010 3554 1205 3617 etiam
1265 3553 1346 3618 de
1402 3553 1685 3617 flaminio
1748 3552 2001 3616 camillo
2063 3557 2127 3614 et
2185 3552 2466 3614 flaminia
2510 3551 2762 3615 camilla
2806 3550 2872 3614 in

598 3656 775 3721 libris
819 3657 899 3720 de
942 3656 1373 3721 sacerdotibus
1418 3657 1653 3740 scripta
1698 3656 1895 3719 fuisse
1944 3654 2235 3718 omnibus
2281 3655 2416 3719 veri
2445 3653 2874 3718 similitudinis

597 3761 876 3824 numeris
924 3759 1423 3824 commendatur.
1498 3760 1564 3823 in
1594 3759 1672 3823 fr.
1708 3762 1783 3822 31
1822 3759 2215 3843 praeclaram
2248 3758 2533 3842 Madvigi
2565 3756 2872 3835 (Advers.

600 3864 734 3927 crit.
795 3863 829 3926 I
890 3885 952 3947 p.
1019 3862 1133 3945 33)
1201 3860 1619 3948 suspicionem
1687 3868 1940 3927 secutus
2005 3862 2198 3927 Festo
2261 3849 2532 3927 restitui
2581 3863 2668 3945 (p.
2715 3859 2871 3940 249)

601 3964 969 4051 ‘praeciae
1013 3963 1399 4031 viatores':
1446 3967 1610 4050 quod
1636 3973 1793 4050 puto
1823 3967 2061 4030 nemini
2092 3967 2470 4051 displicebit,
2518 3985 2661 4028 cum
2686 3963 2871 4026 Paul.

599 4092 660 4155 p.
704 4073 829 4134 224
876 4094 925 4135 8.
959 4092 1017 4134 v.
1049 4068 1366 4154 ‘praecias’
1412 4071 1592 4135 nobis
1636 4070 1903 4135 suadeat
1948 4091 1986 4133 a
2031 4070 2224 4133 Festo
2267 4070 2665 4153 praeciarum
2710 4088 2876 4131 com-

598 4176 1126 4238 memorationem
1170 4176 1480 4257 fiagitare.
1541 4174 1619 4239 fr.
1670 4176 1772 4237 32.
1820 4176 1901 4236 33
1951 4180 2078 4237 1188
2125 4173 2270 4236 Livi
2316 4170 2580 4254 (XXVI
2628 4173 2734 4253 23,
2782 4170 2872 4251 8),

807 4421 823 4454 ¹
866 4419 936 4471 cf.
973 4436 1026 4486 p.
1064 4417 1133 4469 29
1170 4423 1226 4471 81
1259 4418 1344 4472 31.

806 4506 829 4541 2
866 4506 934 4558 cf.
972 4522 1025 4572 p.
1068 4506 1147 4559 13.
