3407 5226
567 433 650 493 24

568 640 704 685 cam
766 639 891 682 non
949 620 1075 682 nisi
1133 638 1328 681 unum
1395 619 1596 682 virum

565 724 790 789 habere
842 743 968 786 non
1013 723 1157 785 licet
1206 770 1220 784 .
1269 770 1285 785 .
1330 742 1442 784 nec
1467 723 1601 806 fla-

564 830 723 893 mini
796 828 995 890 aliam
1070 825 1296 889 ducere
1381 825 1601 890 licebat

565 951 822 996 uxorem
866 932 995 993 nisi
1024 937 1167 1013 posi
1197 936 1455 993 mortem
1472 929 1599 1010 fla-

563 1037 830 1102 minicae
872 1036 1115 1100 uxoris.
1162 1039 1167 1043 ’

650 1241 812 1306 Aen.
859 1240 962 1304 XI
1012 1244 1090 1304 76
1139 1261 1290 1304 sane
1342 1239 1456 1302 hoc
1512 1241 1597 1301 vi·
1896 1239 2053 1302 Fabi
2116 1241 2191 1306 fr.
2239 1242 2321 1303 24
2387 1261 2456 1306 v:
2528 1249 2843 1307 mortuum

566 1346 752 1409 detur
794 1344 1137 1408 secundum
1182 1345 1598 1408 caerimonias
1810 1364 2134 1428 nunquam
2180 1346 2459 1428 attinyit.

547 1451 891 1532 flaminum
958 1447 1268 1512 subtiliter
1342 1448 1596 1511 dixisse.

547 1554 809 1635 flamini
852 1554 1014 1617 enim
1052 1555 1180 1615 nisi
1207 1572 1401 1614 unum
1432 1571 1597 1613 mor-

561 1658 781 1721 tuum¹
825 1677 952 1720 non
996 1658 1133 1721 licet
1180 1662 1455 1738 taizyere.

561 1830 739 1894 vides
802 1831 1030 1913 igitur,
1091 1851 1282 1915 quam
1341 1829 1589 1893 diversa
1652 1829 1823 1913 apud
1885 1827 2422 1913 Interpolatorem
2491 1834 2843 1897 consociata

562 1936 708 1998 sint.
774 1934 876 1998 hio
921 1956 1066 1998 oum
1110 1935 1245 2018 ipse
1291 1933 1786 2017 haudquaquam
1818 1954 1894 1996 ea
1928 1954 1961 1995 e
1994 1935 2373 2017 scriptorum
2420 1935 2844 2001 voluminibus

565 2041 952 2122 congessisse
998 2037 1318 2123 putandus
1361 2038 1479 2119 sit,
1526 2037 1806 2118 Georgio
1855 2035 2113 2100 Thiloni
2159 2037 2539 2122 adstipulor‚
2588 2042 2693 2123 qui
2741 2040 2845 2103 In-

563 2143 1014 2225 terpolatorom
1075 2140 1474 2223 grammatici
1537 2140 1802 2202 alicuius
1862 2142 2303 2204 auctoritatem
2361 2147 2648 2205 secutum
2706 2163 2841 2205 esse

564 2245 848 2326 coniecit,
895 2266 934 2307 a
980 2264 1104 2328 quo
1137 2263 1458 2306 sacrarum
1492 2262 1706 2305 rerum
1736 2242 2146 2325 antiquitates
2179 2264 2217 2305 a
2248 2241 2535 2324 Vergilio
2568 2265 2843 2308 comme-

563 2353 844 2411 moratae
911 2369 1036 2411 uno
1104 2348 1263 2409 libro
1337 2345 1831 2429 comprehensae
1890 2352 1954 2408 et
2014 2347 2369 2429 explicatae
2423 2353 2631 2411 essent
2655 2346 2702 2412 2.
2792 2349 2844 2412 is

562 2452 757 2534 igitur
831 2451 1284 2534 grammaticus
1351 2448 1642 2513 Aeneam
1711 2471 1749 2512 a
1817 2447 2103 2531 Vergilio
2179 2450 2501 2513 flaminem
2567 2450 2840 2527 Dialem,

563 2553 882 2619 Didonem
912 2555 1294 2621 flaminicam
1334 2554 1594 2638 depingi
1640 2551 1862 2617 ratus3
1910 2552 2214 2638 quidquid
2260 2574 2581 2618 sacrarum
2626 2554 2843 2638 legum

563 2659 644 2722 ad
706 2658 971 2723 Aeneae
1040 2665 1104 2723 et
1161 2657 1432 2723 Didonis
1506 2658 1931 2723 sacerdotium
2003 2658 2448 2722 illustrandum
2521 2660 2843 2742 pertinere

562 2762 808 2826 videret
871 2763 1349 2826 consarcinavit.
1441 2762 1653 2846 itaque
1723 2782 1867 2825 cum
1933 2762 2039 2843 118,
2112 2781 2273 2844 quae
2340 2762 2547 2825 nescio
2616 2761 2842 2845 quibus

563 2865 939 2948 ambagibus
984 2865 1066 2928 ad
1098 2864 1372 2929 Fabium
1404 2865 1723 2928 Pictorem
1769 2865 2059 2944 redeunt,
2107 2864 2433 2927 coniunxit
2477 2864 2603 2927 alia
2649 2885 2841 2948 quae-

563 2969 711 3032 dam
757 2991 792 3033 e
840 2969 1163 3054 pontificio
1212 2968 1508 3032 videlicet
1552 2970 1689 3033 iure
1737 2969 2108 3051 desumpta,
2171 2989 2332 3051 quae
2392 2968 2623 3051 partim
2673 2974 2840 3032 certo

559 3074 802 3136 auctori
845 3072 1170 3155 adsignari
1213 3077 1555 3156 nequeunt,
1604 3074 1839 3157 partim
1882 3072 2211 3156 perspicue
2259 3092 2293 3135 e
2335 3071 2523 3134 Festo
2569 3072 2841 3155 repetita

555 3181 702 3239 sunt
718 3175 763 3240 ⁴.
855 3176 966 3241 sed
1014 3183 1255 3241 restant
1299 3183 1427 3240 tres
1474 3176 1568 3241 illi
1614 3173 1733 3240 loci
1778 3180 2154 3258 argumento
2202 3195 2314 3238 suo
2359 3195 2397 3237 a
2444 3175 2671 3238 ceteris
2717 3174 2839 3238 dis-

767 3437 784 3470 ¹
822 3437 893 3490 cf.
930 3454 985 3504 p.
1023 3436 1092 3490 25
1129 3436 1254 3489 adn.
1292 3438 1343 3489 4.

766 3525 786 3559 2
824 3524 1023 3589 Thilo,
1078 3524 1442 3585 Quaestiones
1503 3522 1805 3575 Servianae
1859 3540 1913 3590 p.
1957 3521 2058 3590 52,
2117 3523 2296 3575 Servii
2351 3541 2579 3591 gramm.
2620 3543 2669 3592 q.
2707 3526 2745 3576 f.
2783 3526 2840 3574 in

558 3610 797 3677 Vergilii
854 3612 1099 3663 carmina
1153 3610 1534 3661 commentarii
1583 3625 1694 3660 reo.
1735 3608 1798 3660 G.
1841 3610 2001 3661 Thilo
2039 3614 2095 3662 et
2129 3610 2199 3662 H.
2241 3611 2441 3678 Hagen
2476 3610 2503 3661 I
2539 3628 2594 3678 p.
2632 3609 2836 3661 XXVI.

557 3697 627 3748 of.
653 3698 930 3750 Wissowa
965 3698 1000 3748 l.
1038 3698 1074 3749 1.
1114 3715 1167 3764 p.
1211 3695 1295 3747 45.
1371 3695 1439 3746 H.
1478 3692 1682 3756 Linke‚
1722 3695 2083 3756 Quaestiones
2124 3697 2192 3748 de
2229 3697 2496 3749 Macrobii
2535 3696 2839 3749 Saturnali-

560 3799 710 3835 orum
750 3783 993 3835 fontibus
1032 3782 1185 3846 (diss.
1224 3783 1451 3834 Vratisl.
1495 3779 1650 3846 1880)
1685 3799 1739 3849 p.
1780 3780 1849 3834 30
1885 3798 2003 3850 sqq.

763 3870 784 3903 ³
825 3871 893 3922 cf.
936 3887 980 3922 e.
1021 3886 1073 3936 g.
1114 3869 1378 3935 Interpol.
1418 3867 1570 3920 Serv.
1597 3869 1735 3920 Aen.
1776 3867 1854 3918 IV
1886 3867 1983 3922 103
2021 3869 2110 3931 (fr.
2143 3867 2248 3934 15),
2286 3869 2373 3920 III
2411 3867 2510 3921 607
2548 3868 2637 3931 (fr.
2666 3867 2733 3918 24
2758 3868 2836 3932 11),

557 3955 638 4007 IV
678 3954 773 4008 137
813 3955 902 4017 (fr.
941 3955 1009 4007 46
1044 3954 1121 4020 b),
1178 3955 1259 4005 IV
1295 3953 1396 4005 646
1436 3952 1526 4016 (fr.
1563 3953 1632 4005 46
1671 3955 1755 4021 ο);
1809 3955 1934 4008 vide
1984 3957 2148 4008 etiam
2199 3956 2465 4023 Interpol.
2505 3954 2656 4007 Serv.
2695 3955 2844 4012 Aen.

555 4041 636 4093 IV
672 4040 775 4094 339
812 4040 901 4103 (fr.
936 4040 1035 4106 15),
1072 4041 1156 4091 IV.
1189 4039 1291 4092 262
1329 4040 1418 4103 (fr.
1455 4040 1551 4104 17),
1590 4041 1617 4091 I
1653 4040 1755 4092 305
1794 4045 1848 4093 et
1885 4040 1964 4092 IV
2000 4041 2068 4094 29
2105 4040 2192 4104 (fr.
2230 4041 2338 4106 37),
2376 4039 2458 4091 XI
2494 4039 2560 4091 76
2598 4039 2688 4102 (fr.
2726 4040 2834 4105 38).

580 4196 585 4201 .
728 4127 751 4162 ⁴
785 4127 1050 4194 Interpol.
1091 4126 1243 4178 Serv,
1280 4127 1418 4178 Aen.
1459 4127 1539 4178 IV
1575 4125 1677 4179 262
1712 4126 1807 4191 (fr.
1850 4128 1911 4180 17
1951 4132 2006 4180 et
2048 4128 2137 4192 51)
2176 4132 2391 4181 constat
2427 4144 2498 4180 ex
2533 4133 2836 4196 praecepto

556 4214 775 4267 aliunde
804 4229 912 4264 non
938 4214 1159 4279 cognito
1189 4217 1244 4265 et
1267 4214 1416 4265 Fest.
1445 4230 1497 4280 p.
1525 4211 1626 4266 348
1654 4230 1695 4265 s.
1726 4230 1778 4265 V.
1806 4211 2166 4281 ‘secespitam'
2203 4214 2532 4266 verbotenus
2560 4216 2836 4283 expilat03

554 4301 623 4351 fr.
660 4298 727 4351 46
763 4299 797 4350 b
836 4299 1252 4366 comprehendit
1288 4303 1647 4367 praeceptum
1693 4300 1761 4352 de
1814 4303 2031 4368 arcuIO,
2083 4303 2226 4367 rica,
2277 4305 2548 4354 venenato
2585 4302 2833 4356 Fabiano

555 4387 867 4453 fragmento
904 4386 1120 4452 plenius
1147 4391 1202 4438 et
1226 4387 1379 4437 Festi
1416 4387 1692 4453 integram
1732 4388 1800 4439 de
1840 4389 2027 4440 arculo
2067 4388 2468 4455 expositionem
2505 4405 2648 4441 nuno
2688 4388 2835 4455 apud

552 4473 711 4527 Paul.
762 4490 814 4545 p.
870 4470 969 4525 113
1028 4491 1097 4530 s..
1125 4491 1174 4528 v,
1231 4470 1563 4528 ‘inaroulum'
1626 4473 1718 4539 (of.
1775 4476 1842 4530 fr.
1893 4472 1977 4543 10)
2031 4475 2356 4530 breviatam,
2449 4479 2507 4530 at
2561 4493 2643 4545 ea,
2693 4494 2833 4548 quae
