3407 5226
492 1626 543 1668 10

493 2144 541 2186 15

423 3135 503 3196 39

480 3572 537 3613 25

482 4089 539 4134 30

417 4305 500 4368 40

593 486 674 547 60

590 674 691 758 qui
740 675 975 737 iuraret
1021 693 1137 756 pro
1184 672 1378 735 fratre
1410 672 1485 735 L.
1511 670 1809 735 Valerius
1854 671 2124 736 Flaccus
2169 679 2427 757 praetor
2472 673 2858 758 designatus.

588 777 823 841 tribuni
869 777 947 840 ad
998 776 1245 862 plebem
1291 777 1577 841 tulerunt
1621 776 1967 860 plebesque
2015 777 2219 857 scivit,
2265 784 2337 840 ut
2380 777 2642 861 perinde
2690 786 2861 843 esset

588 902 661 945 ac
707 882 757 944 si
804 883 938 965 ipse
985 878 1206 944 aedilis
1252 880 1543 943 iurasset.
1594 878 1678 961 cf.
1695 877 1803 962 fr.
1835 878 1923 941 24
1949 902 1996 943 c.
2088 880 2222 945 Liv.
2254 881 2288 944 Ι
2324 883 2429 963 20,
2464 883 2502 942 2
2540 883 2853 946 flaminem

587 985 725 1048 Iovi
781 984 1114 1048 adsiduum
1161 982 1558 1048 sacerdotem
1605 983 1840 1046 creavit
1888 985 1997 1065 (sc.
2028 982 2269 1057 Numa)
2314 985 2671 1070 insignique
2712 1007 2855 1050 eum

589 1094 767 1152 veste
830 1095 892 1151 et
955 1087 1153 1150 curuli
1212 1085 1388 1170 regia
1440 1086 1598 1150 sella
1646 1085 1996 1150 adornavit.
2085 1087 2169 1152 ib.
2215 1086 2484 1152 XXVII
2530 1092 2589 1170 8,
2639 1093 2673 1154 7
2724 1111 2856 1174 sqq.

588 1192 663 1255 de
727 1190 792 1255 Ο.
840 1190 1074 1255 Flacco
1119 1193 1305 1277 flam.
1350 1190 1568 1254 Diali:
1637 1189 1823 1255 huius
1886 1191 2090 1254 famae
2155 1211 2465 1255 consensu
2529 1193 2729 1257 elatus
2777 1194 2854 1256 ad

588 1298 822 1359 iustam
893 1295 1186 1359 fiduciam
1235 1296 1332 1358 sui
1377 1316 1509 1358 rem
1556 1295 1979 1359 intermissam
2043 1316 2156 1378 per
2219 1295 2453 1359 multos
2514 1317 2714 1360 annos
2776 1296 2859 1360 ob

586 1399 1030 1481 indignitatem
1076 1399 1397 1462 flaminum
1447 1399 1727 1483 priorum
1775 1400 2110 1484 repetivit,
2176 1401 2239 1462 in
2299 1407 2590 1463 senatum
2650 1407 2722 1463 ut
2767 1401 2857 1463 in-

588 1504 829 1567 troiret.
921 1504 1272 1586 ingressum
1321 1524 1467 1567 eum
1516 1502 1754 1567 curiam
1805 1524 1946 1566 cum
1992 1503 2064 1566 L.
2091 1502 2369 1568 Licinius
2416 1510 2667 1587 praetor
2712 1503 2859 1567 inde

588 1606 950 1687 eduxisset,
1012 1607 1298 1670 tribunos
1365 1607 1568 1692 plebis
1628 1607 1997 1692 appellavit.
2087 1607 2319 1671 flamen
2380 1614 2701 1672 vetustum
2758 1608 2856 1671 ius

587 1710 922 1775 sacerdotii
984 1711 1348 1796 repetebat:
1414 1710 1631 1775 datum
1696 1711 1758 1773 id
1819 1732 1962 1774 cum
2008 1718 2164 1795 toga
2208 1718 2546 1795 praetexta
2596 1719 2656 1776 et
2703 1712 2857 1776 sella

585 1815 785 1878 curuli
834 1822 897 1878 et
941 1815 1236 1878 flamonio
1286 1837 1443 1879 esse.
1534 1815 1615 1879 ib.
1660 1815 1760 1897 IV
1809 1815 1909 1894 54,
1958 1818 1992 1879 7
2043 1816 2256 1900 patres
2305 1822 2524 1879 contra
2569 1837 2696 1879 non
2746 1837 2857 1899 pro

583 1919 1086 1997 communicatis,
1133 1918 1243 1983 sed
1290 1940 1407 2002 pro
1454 1919 1697 1982 amissis
1747 1918 2094 1982 honoribus
2140 1917 2439 2002 fremere3
2501 1940 2756 2002 nega-re,
2803 1921 2855 1983 si

582 2023 672 2086 ita
718 2022 865 2105 sint,
910 2022 1146 2086 liberos
1179 2022 1496 2087 tollendos
1536 2044 1696 2106 esse,
1745 2024 1850 2107 qui
1885 2022 2050 2106 pulsi
2082 2022 2389 2086 maiorum
2422 2022 2561 2085 loco
2596 2044 2853 2099 cernen-

587 2133 809 2210 tesque
875 2126 1034 2190 alios
1096 2128 1158 2190 in
1226 2128 1627 2211 possessione
1698 2127 2021 2211 dignitatis
2067 2126 2206 2190 salii
2252 2126 2664 2211 flaminesque
2708 2148 2856 2190 nus·

586 2251 776 2314 quam
823 2231 948 2295 alio
995 2251 1186 2314 qua-m
1232 2230 1312 2294 ad
1358 2230 1846 2294 sacrificandum
1909 2250 2026 2314 pro
2096 2232 2337 2315 populo
2396 2231 2534 2294 sine
2577 2231 2854 2315 imperiis

583 2356 657 2397 ac
730 2335 1157 2417 potestatibus
1233 2335 1692 2417 relinquantur.
1784 2334 1949 2399 Gell.
1995 2356 2056 2398 11.
2102 2357 2158 2399 a.
2225 2333 2290 2397 X
2347 2334 2458 2414 15,
2524 2335 2563 2395 4
2622 2332 2854 2397 idcirco

584 2446 872 2503 rarenter
918 2441 1149 2503 flamen
1199 2438 1400 2503 Dialis
1448 2445 1699 2502 creatus
1748 2439 1968 2503 consul
2015 2445 2139 2519 est,
2185 2459 2325 2502 cum
2370 2437 2538 2502 bella
2582 2438 2855 2502 consuli-

587 2543 704 2605 bus
754 2541 1259 2625 mandabantur3
1306 2542 1390 2626 cf.
1430 2542 1530 2626 fr.
1577 2542 1662 2604 24
1686 2540 1739 2606 b.

1135 2907 1235 2971 VI
1322 2907 1442 2972 DE
1488 2907 1990 2972 FLAMINICA
2038 2907 2295 2972 DIALI

795 3127 944 3192 Tac.
992 3148 1137 3191 ann.
1185 3124 1283 3189 IV
1334 3127 1411 3188 16
1460 3126 1578 3189 sub
1622 3126 1794 3190 idem
1856 3133 2106 3210 tempus
2152 3126 2231 3190 de
2276 3128 2529 3191 flamine
2575 3126 2748 3190 Diali
2791 3129 2854 3190 in

580 3234 791 3296 locum
853 3231 1034 3295 Servi
1084 3230 1538 3313 Maluginensis
1595 3230 1880 3295 defuncti
1939 3230 2253 3314 legendo,
2323 3231 2507 3294 simul
2567 3231 2855 3315 roganda

580 3357 750 3400 nova
796 3338 940 3418 lege
987 3334 1280 3398 disseruit
1311 3334 1566 3398 Caesar.
1630 3356 1779 3398 nam
1824 3335 2125 3420 patricios
2172 3334 2584 3398 confarreatis
2630 3356 2853 3418 paren-

581 3440 749 3503 tibus
796 3439 1043 3524 genitos
1088 3444 1216 3502 tres
1260 3438 1448 3502 simul
1494 3438 1838 3519 nominari,
1905 3460 1986 3502 ex
2032 3438 2257 3522 quibus
2302 3458 2466 3501 unus
2510 3438 2852 3521 legeretur,

581 3552 835 3610 vetusto
882 3566 1092 3626 moret,
1138 3565 1345 3629 neque
1389 3543 1643 3624 adesse,
1705 3549 1776 3606 ut
1836 3544 2017 3622 olim,
2081 3563 2224 3606 eam
2282 3542 2559 3626 copiam,
2622 3543 2852 3605 omissa

582 3648 1024 3715 confarreandi
1069 3647 1487 3712 adsuetudine
1532 3653 1644 3710 aut
1690 3648 1857 3711 inter
1902 3667 2135 3732 paucos
2189 3652 2438 3711 retenta
2484 3645 2854 3730 (pluresque

579 3755 714 3817 eius
761 3753 853 3816 rei
899 3773 1119 3815 causas
1164 3751 1502 3833 afferebat,
1549 3751 1941 3833 potissimam
1985 3772 2182 3835 penes
2225 3751 2533 3814 incuriam
2577 3750 2855 3814 virorum

579 3857 1122 3940 feminarumque3
1189 3854 1491 3919 accedere
1554 3861 1618 3919 et
1679 3855 1875 3939 ipsius
1939 3855 2363 3919 caerimoniae
2432 3853 2857 3933 difficultates,

579 3982 742 4045 quae
790 3960 1071 4025 consulto
1116 3958 1527 4037 vitarentur),
1573 3964 1638 4022 et
1682 3957 1893 4042 quod
1939 3960 2214 4021 exiret
2258 3979 2293 4021 e
2339 3958 2514 4021 iure
2558 3956 2855 4042 patrio,

585 4065 693 4149 qui
737 4063 801 4126 id
848 4062 1219 4126 flamonium
1263 4062 1649 4146 apisceretur
1693 4082 2043 4146 quaeque
2089 4062 2172 4124 in
2220 4083 2533 4125 manum
2578 4060 2853 4125 flami-

575 4169 700 4232 nis
747 4166 1272 4230 conveniret.
1321 4166 1406 4246 cf.
1440 4166 1544 4246 fr.
1593 4165 1688 4229 14.

791 4296 866 4361 de
908 4295 1438 4378 confarreatione,
1483 4318 1610 4381 qua
1639 4297 1983 4382 flaminica
2029 4316 2168 4359 cum
2193 4298 2463 4382 flamine
2493 4296 2681 4361 Diali
2717 4317 2856 4360 con-

581 4403 767 4486 iunqi
812 4399 1079 4482 debebat,
1129 4401 1212 4478 cf.
1253 4401 1353 4483 fr.
1403 4401 1496 4462 15.
