3407 5226
491 745 532 810 d

579 1349 605 1389 5

655 419 746 513 64

653 645 847 728 plus
935 646 1224 711 tribus
1311 648 1737 731 gradibus
1842 652 2367 737 religiosum
2458 666 2629 742 est,
2735 669 2923 750 atque

657 752 888 827 etiam,
978 773 1156 814 cum
1230 753 1295 814 it
1370 754 1469 816 ad
1544 752 1920 837 Argeos,
2011 761 2231 841 quod
2306 784 2580 847 neque
2667 773 2925 833 comit

653 862 913 939 caput
979 876 1253 939 neque
1323 858 1746 941 capillum
1813 859 2232 943 depectit.

1605 1036 1638 1070 ae
1934 1039 1969 1076 ²1:

1769 1088 1802 1121 aze

650 1229 916 1291 ricam
983 1228 1244 1312 idque
1312 1226 1545 1310 esse]
1623 1231 2002 1315 triplex,
2078 1236 2298 1318 quod
2375 1239 2919 1321 con[ficiant

653 1333 1051 1416 virgines
1096 1330 1578 1414 ingeJnuae
1625 1336 2062 1417 patrimae
2108 1337 2611 1419 m[atrimae
2658 1346 2917 1428 cives,

559 1432 566 1440 ’
647 1436 868 1519 quod
958 1434 1510 1518 confec]tum
1602 1439 1960 1503 lavetur
2051 1463 2271 1526 aqua
2351 1436 2766 1529 p[ere'nni
2841 1458 2922 1515 et

482 1865 602 1907 010

646 1539 1074 1622 tingendo
1137 1540 1308 1603 fiat
1372 1539 1949 1623 caeru]leum.
2041 1544 2213 1609 Fest.
2260 1569 2322 1631 p.
2371 1550 2495 1612 277
2554 1552 2792 1617 ricae
2855 1563 2918 1619 et

645 1643 881 1706 riculae
928 1651 1239 1706 vocantur
1302 1665 1501 1727 parva
1567 1647 1786 1709 ricinia
1850 1654 1918 1710 ut
1981 1649 2241 1732 palliola
2306 1652 2385 1715 ad
2451 1675 2634 1717 usum
2697 1659 2915 1741 capitis

644 1745 834 1810 facta.
927 1746 1202 1811 Granius
1266 1748 1519 1831 quidem
1585 1750 1674 1811 ait
1740 1771 1875 1813 esse
1941 1752 2247 1816 muliebre
2303 1755 2626 1837 cingulum
2673 1762 2915 1844 capitiS,

646 1869 769 1932 quo
827 1872 943 1935 pro
993 1852 1154 1914 vitta
1217 1851 1683 1916 flaminica
1747 1854 2295 1920 redimiatur.
2384 1855 2688 1944 Interpol.
2738 1861 2913 1925 Serv.

644 1952 805 2016 Aen.
837 1953 929 2016 IV
971 1955 1095 2018 646
1142 1955 1311 2038 apud
1358 1963 1606 2019 veteres
1655 2007 1668 2019 .
1708 2007 1721 2019 .
1770 1957 2318 2024 flaminicam
2385 1965 2673 2027 scalas
2718 1966 2914 2048 plus

645 2057 936 2120 tribus
1025 2058 1453 2140 gradibus
1530 2061 1705 2124 nisi
1782 2061 2166 2126 Graecas
2253 2066 2678 2130 scandere
2751 2090 2910 2132 non

644 2161 1000 2226 licebat.
1064 2160 1234 2226 Plut.
1269 2183 1327 2246 q.
1356 2184 1406 2227 r.
1434 2164 1515 2226 86
1547 2161 1643 2226 dio*
1674 2166 1771 2226 καὶ
1819 2164 1966 2247 τήν
2010 2169 2537 2249 φλαμινίκαν
2581 2167 2754 2253 ἱερὰν
2798 2178 2911 2258 τῆς

642 2423 832 2474 sucida
868 2420 970 2484 (ita
1008 2422 1083 2487 M,
1121 2421 1341 2474 succida
1383 2423 1485 2473 (ἔτι.
1523 2437 1588 2485 vy
1628 2423 1819 2500 luaind.)
1857 2424 2000 2489 alba,
2039 2426 2185 2492 quod
2222 2427 2514 2478 conficiunt
2548 2429 2793 2496 virgines
2829 2432 2911 2484 in-

642 2525 856 2575 genuae
893 2508 1164 2574 patrimae
1201 2507 1489 2559 matrimae
1529 2509 1694 2574 civeS,
1738 2514 1793 2560 et
1818 2509 2090 2561 inficiatur
2115 2512 2369 2563 caeruleo
2396 2514 2596 2566 colore.
2649 2515 2911 2584 Interpol.

642 2594 792 2647 Serv.
830 2594 967 2647 Aen.
1006 2593 1087 2645 IV
1121 2592 1225 2645 646
1261 2609 1393 2645 sane
1432 2593 1653 2662 quidam
1700 2595 1890 2647 volunt
1925 2596 2234 2663 Vergilium
2269 2598 2469 2665 ubique
2507 2598 2735 2653 Didonis
2774 2606 2911 2655 tam-

640 2699 802 2750 quam
856 2681 1162 2733 flaminicae
1217 2681 1402 2733 facere
1457 2682 1815 2734 mentionem:
1873 2683 2019 2750 apud
2074 2687 2289 2736 veteres
2345 2689 2529 2737 autem
2583 2686 2787 2749 (autem
2827 2706 2910 2740 om-

639 2770 890 2833 Ambros)
929 2768 1420 2820 flaminicam
1459 2807 1469 2817 .
1509 2807 1520 2819 .
1561 2806 1573 2818 .
1614 2769 1939 2834 licebat,
1977 2786 2045 2820 ne
2080 2770 2194 2821 ulla
2229 2786 2360 2836 pars
2398 2772 2597 2837 pedum
2634 2775 2750 2825 eius
2789 2792 2911 2827 cru-

641 2873 828 2908 rumve
868 2855 1056 2907 subter
1080 2855 1526 2922 conspiceretur,
1564 2869 1737 2921 eoque
1776 2870 1877 2906 nec
1915 2856 2161 2922 pluribus
2200 2856 2461 2922 gradibus
2499 2858 2597 2909 sed
2622 2860 2813 2926 tribuS,
2850 2867 2911 2913 ut

639 2943 696 2994 in
734 2959 963 2994 ascensu
1002 2942 1246 3010 duplices
1287 2942 1438 2992 nisus
1478 2939 1650 3002 (uisus
1680 2940 1934 3005 Ambros)
1971 2957 2078 2992 non
2115 2945 2436 3009 paterentur
2474 2945 2663 2996 extolli
2702 2952 2908 2999 vestem

641 3033 735 3080 aut
787 3029 984 3081 nudari
1038 3044 1214 3079 crura.
1288 3044 1413 3079 nam
1465 3026 1588 3078 ideo
1647 3031 1701 3078 et
1753 3027 2001 3080 Graecae
2055 3030 2238 3080 scalae
2292 3029 2596 3095 eliguntur,
2652 3034 2780 3098 quia
2834 3036 2912 3088 ita

637 3117 1006 3180 fabricantur,
1058 3119 1117 3167 ut
1168 3115 1311 3165 omni
1359 3130 1427 3164 ex
1475 3118 1633 3181 parte
1687 3114 2015 3181 compagine
2056 3116 2363 3166 tabularum
2404 3116 2624 3169 clausae
2663 3120 2796 3186 sint,
2842 3140 2910 3174 ne

639 3208 920 3271 aspectum
959 3201 1030 3254 ad
1066 3201 1314 3267 corporis
1357 3200 1596 3266 aliquam
1634 3204 1853 3267 partem
1909 3201 2216 3252 admittant.
2291 3205 2345 3252 et
2381 3201 2658 3255 sciendum
2698 3205 2743 3256 si
2783 3207 2912 3273 quid

639 3289 986 3342 caerimoniis
1023 3304 1129 3340 non
1166 3287 1333 3338 fuerit
1383 3287 1763 3352 observatum,
1824 3287 2101 3353 piaculum
2141 3287 2370 3339 admitti.
2444 3288 2534 3340 hic
2573 3295 2754 3343 autem
2790 3294 2909 3360 pia-

638 3377 817 3428 culum
867 3375 1200 3438 admittitur,
1251 3372 1395 3439 quod
1439 3372 1562 3439 ipsa
1599 3372 1742 3423 Dido
1799 3373 1876 3424 ait
1912 3369 2087 3424 ‘sacra
2135 3372 2254 3425 Iovi
2302 3372 2510 3440 Stygio'
2562 3380 2617 3427 et
2663 3378 2903 3445 reliqua:

637 3479 762 3514 nam
811 3466 866 3512 et
914 3476 1084 3527 supra
1134 3459 1212 3511 ait
1250 3456 1404 3524 (493)
1441 3456 1701 3525 ‘magicas
1753 3458 1997 3509 invitam'
2054 3463 2108 3510 et
2156 3459 2385 3525 reliqua.
2458 3462 2562 3512 hoc
2611 3479 2740 3514 vero
2786 3464 2903 3513 loco

636 3549 851 3616 plenius
903 3563 1022 3598 eam
1073 3545 1379 3598 flaminicae
1428 3545 1592 3595 ritum
1648 3545 1954 3596 excessisse
1994 3545 2258 3611 declarat,
2296 3546 2387 3597 ubi
2426 3547 2493 3598 de
2530 3548 2787 3614 gradibus
2823 3548 2902 3598 lo·
2936 3608 2939 3611 ⁴

636 3634 820 3701 quitur
854 3632 1040 3685 dicens
1077 3629 1356 3683 ‘interiora
1394 3631 1598 3682 domus'
1641 3635 1695 3682 et
1734 3632 1973 3702 reliqua:
2012 3648 2188 3699 neque
2216 3632 2355 3683 enim
2381 3637 2710 3699 potestesse
2736 3635 2903 3685 altum

638 3721 781 3787 quod
820 3720 992 3771 tribus
1032 3722 1241 3770 tantum
1279 3717 1541 3783 gradibus
1581 3717 1995 3769 conscenditur:
2032 3717 2177 3768 unde
2216 3723 2451 3785 apparet
2487 3721 2674 3787 plures
2701 3721 2905 3787 gradus

636 3825 670 3858 a
695 3807 868 3857 tribus
895 3807 1081 3870 fuisse,
1119 3805 1263 3872 quod
1300 3805 1516 3871 plenius
1555 3804 1621 3855 de
1659 3805 1823 3855 Anna
1860 3805 2138 3856 subiunxit
2174 3803 2327 3871 (685)
2365 3802 2459 3857 ‘sic
2496 3805 2663 3857 effata
2700 3807 2905 3873 gradus

636 3896 891 3945 evaserat
928 3892 1101 3943 altos'.
1156 3891 1299 3942 Plut.
1339 3907 1388 3957 q.
1427 3906 1471 3941 r.
1509 3889 1576 3942 86
1613 3889 1693 3941 διά
1734 3898 1786 3942 τί
1817 3892 1913 3943 τοῦ
1947 3898 2134 3943 Μαίου
2165 3891 2321 3959 μηνός
2358 3892 2447 3944 οὖκ
2482 3897 2689 3961 ἄγονται
2728 3902 2906 3960 γυναῖ-

633 3996 745 4045 κας;
796 3984 1014 4046 πότερον
1061 3983 1140 4032 ὅτι
1185 3988 1335 4046 μίσος
1380 3980 1486 4030 ἐστὶ
1533 3978 1629 4029 ἰοὗ
1669 3976 1956 4046 Ἀπριλλίου
2010 3984 2087 4029 καὶ
2127 3980 2221 4030 τοῦ
2256 3977 2469 4031 Ἰουνίου
2502 3974 2669 4045 μηνδς,
2708 3978 2777 4030 ὦν
2813 3976 2906 4031 τᾶν

877 4156 970 4189 5-7
1031 4154 1301 4221 patrimae
1368 4193 1379 4204 .
1435 4192 1447 4204 .
1512 4147 1853 4216 caeru]leum
1914 4151 2183 4216 supplevit
2229 4150 2459 4202 Mueller
2633 4149 2905 4216 patrimae

632 4242 973 4308 m[atrimae,
1026 4241 1168 4309 quod
1221 4241 1476 4292 caeruleo
1527 4239 1711 4290 colore
1764 4236 2051 4301 infec]tum
2101 4238 2318 4289 lavetur
2356 4252 2497 4303 aqua
2533 4233 2715 4302 p[ura.
2792 4237 2904 4301 alii,

635 4346 741 4398 quo
778 4329 1050 4381 flaminica
1087 4330 1274 4395 cingat
1319 4324 1550 4394 pilleum
1599 4325 1838 4376 Ursinus
1978 4325 1999 4359 ⁹
2037 4323 2273 4375 Granius
2312 4338 2377 4387 vy
2416 4321 2566 4373 Gran
2608 4323 2679 4388 F3
2723 4324 2906 4374 Grani

632 4417 820 4468 Flacci
860 4416 1144 4467 Liciniani
1180 4415 1244 4465 de
1285 4414 1718 4477 indigitamentis
1743 4411 1832 4476 fr.
1857 4413 1890 4459 7
1924 4427 2011 4475 ap.
2039 4408 2391 4473 Huschkium,
2429 4407 2678 4475 Iurispr.
2716 4409 2909 4462 antei-⁴

625 4519 685 4570 p.
728 4504 834 4553 109
981 4504 1017 4537 ¹¹
1055 4500 1201 4568 apud
1241 4503 1455 4552 veteres
1494 4514 1534 4549 e.
1572 4514 1619 4563 q.
1659 4513 1701 4547 s.
1741 4500 1801 4548 in
1840 4511 1943 4562 my.
1984 4513 2101 4563 sup.
2151 4495 2213 4558 T,
2249 4495 2371 4547 hab.
2409 4495 2643 4547 Ambros
