3407 5226
2726 486 2805 548 27

533 681 756 744 Valeri
801 681 1070 744 Maximi
1117 679 1182 757 (Ι
1231 680 1288 760 1,
1338 680 1374 740 4
1423 677 1582 761 sq.),
1639 677 1970 742 Plutarchi
2016 674 2246 758 (Marc.
2295 674 2367 759 5)
2413 677 2585 739 locos
2633 695 2811 739 occu-

535 805 688 868 pare
734 785 939 849 volui:
1003 783 1233 867 quibus
1287 803 1431 847 cum
1493 786 1859 845 narraretur
1920 781 2208 844 flamines
2252 779 2472 843 Diales
2516 780 2811 843 flamonio

537 888 712 952 abire
757 890 952 951 iussos
999 892 1370 969 coactosque
1415 906 1584 963 esse,
1642 885 1693 948 si
1755 889 1906 947 exta
1966 904 2301 967 perperam
2345 882 2664 946 dedissent
2709 882 2812 946 vel

535 1013 758 1075 parum
819 992 1058 1055 curiose
1120 991 1243 1054 aris
1308 989 1740 1053 admovissent
1803 994 1867 1050 et
1928 989 1981 1051 si
2039 988 2205 1051 inter
2249 986 2729 1051 sacrificandum
2775 1007 2809 1050 6

536 1096 742 1179 capite
780 1115 948 1177 apex
994 1095 1327 1179 prolapsus
1373 1098 1555 1169 esset,
1603 1091 1662 1154 id
1714 1090 2061 1155 secundum
2104 1091 2375 1154 flaminis
2421 1091 2516 1154 ius
2561 1111 2809 1154 sacrum

534 1198 769 1262 factum
816 1219 950 1262 esse
997 1196 1255 1261 credidi.

739 1302 1093 1365 flaminicae
1159 1300 1687 1364 caerimoniarum
1751 1298 1828 1360 fr.
1886 1300 1990 1362 39.
2040 1300 2141 1361 40.
2189 1300 2264 1360 41
2336 1318 2480 1361 cum
2539 1299 2810 1361 flaminis

535 1406 913 1488 religionum
957 1405 1035 1469 fr.
1089 1407 1188 1468 14.
1243 1405 1341 1468 15.
1391 1405 1472 1465 24
1520 1410 1564 1482 t,
1612 1424 1654 1464 u
1700 1402 1790 1464 ita
1836 1401 2239 1475 conveniunt,
2285 1407 2355 1464 ut
2400 1401 2810 1485 supersedere

532 1510 770 1592 possim
816 1509 895 1573 de
939 1509 1015 1571 iis
1060 1507 1387 1571 disserere.
1470 1527 1675 1589 neque
1721 1526 1870 1568 vero
1916 1505 1995 1568 fr.
2042 1507 2124 1567 46
2150 1526 2189 1568 6
2233 1505 2481 1569 silentio
2526 1511 2810 1588 praeter-

535 1611 912 1676 mittendum
976 1611 1244 1675 videtur.
1336 1630 1484 1672 nam
1544 1629 1687 1672 cum
1751 1607 1923 1691 apud
1981 1607 2262 1671 Gellium
2308 1606 2374 1670 X
2427 1610 2536 1688 15,
2602 1610 2683 1670 27
2731 1608 2811 1671 sit

535 1716 702 1778 alias
745 1734 1026 1777 seorsum
1075 1715 1258 1777 aiunt
1304 1712 1682 1775 observitare
1700 1760 1720 1792 ,
1766 1711 1956 1775 veluti
1999 1717 2124 1793 est,
2171 1711 2349 1795 quod
2392 1717 2810 1774 venenato

536 1819 821 1900 operitur
884 1824 949 1881 et
1008 1838 1151 1880 cum
1213 1838 1285 1880 eo
1350 1816 1706 1879 consentiat
1751 1814 2056 1898 Interpol.
2105 1813 2283 1877 Serv.
2329 1813 2492 1879 Aen.
2540 1813 2634 1876 IV
2688 1816 2806 1877 137

535 1926 598 1983 et
642 1919 779 1983 XII
826 1922 970 2000 602,
1019 1919 1187 2004 apud
1236 1919 1510 1982 Paulum
1559 1940 1709 1982 vero
1754 1940 1816 2002 p.
1862 1921 1943 1982 92
1991 1919 2294 2002 scriptum
2339 1919 2419 1982 sit
2449 1917 2810 2000 flammeo

535 2025 889 2088 vestimento
944 2024 1279 2103 flaminica
1349 2021 1645 2085 utebatur
1714 2022 1819 2100 (cf.
1882 2044 1944 2106 p.
2011 2025 2093 2085 89
2144 2024 2444 2107 flammeo
2513 2021 2812 2083 amicitur

534 2126 769 2190 nubens
815 2128 1043 2190 ominis
1084 2126 1230 2188 boui
1260 2145 1477 2205 eausa,
1525 2125 1690 2209 quod
1719 2146 1785 2189 eo
1819 2126 2073 2189 assidue
2102 2124 2393 2189 utebatur
2405 2125 2812 2210 flaminica),

538 2238 802 2314 utroque
848 2231 985 2294 loco
1029 2230 1200 2293 idem
1232 2231 1679 2293 vestimentum
1725 2231 1790 2293 in
1835 2230 2268 2313 quaestionem
2308 2229 2519 2292 vocari
2565 2248 2809 2310 censeO,

535 2335 709 2398 cuius
755 2355 991 2398 nomen
1036 2334 1340 2397 sollemne
1386 2355 1425 2397 a
1471 2333 1681 2398 Gellio
1727 2340 1791 2397 et
1836 2333 2304 2417 Interpolatore
2350 2330 2555 2395 Servii
2600 2351 2811 2395 serva-

535 2444 671 2502 tum
701 2439 773 2518 is,
819 2437 900 2501 ad
931 2455 1119 2521 quem
1150 2437 1337 2500 Pauli
1382 2438 1634 2519 glossae
1681 2436 1999 2516 redeunt¹‚
2045 2436 2326 2520 expulit:
2376 2435 2487 2499 sed
2533 2435 2651 2498 hoc
2697 2455 2810 2517 pro

535 2546 707 2604 certo
756 2538 1085 2608 venditare
1129 2538 1300 2602 haud
1348 2540 1551 2602 ausim
1574 2538 1623 2604 2.
1715 2538 1887 2623 quod
1934 2538 2206 2622 denique
2253 2538 2329 2602 fr.
2379 2540 2485 2619 47,
2530 2559 2654 2622 quo
2699 2539 2809 2602 fla-

535 2644 765 2708 minica
810 2665 923 2728 per
969 2644 1344 2708 anciliorum
1404 2645 1596 2708 ferias
1657 2665 1872 2707 comas
1931 2644 2199 2726 inpexas
2257 2643 2491 2706 habere
2536 2642 2811 2723 iubetur,

535 2755 599 2811 et
644 2748 720 2812 fr.
769 2749 887 2825 48,
935 2767 1059 2830 quo
1119 2768 1262 2810 eam
1321 2747 1397 2811 iis
1460 2747 1718 2827 diebus,
1783 2746 2011 2830 quibus
2068 2752 2268 2829 penus
2315 2744 2551 2809 Vestae
2610 2752 2810 2830 patet,

535 2851 737 2915 donec
796 2856 1035 2914 stercus
1093 2849 1376 2913 delatum
1436 2852 1552 2930 sit,
1619 2856 1827 2914 certos
1896 2857 2102 2913 castus
2170 2849 2508 2913 observare
2577 2849 2809 2913 debere

534 2955 845 3037 refertur,
908 2954 1086 3017 libris
1132 2953 1211 3017 de
1257 2947 1693 3018 sacerdotibus
1739 2954 2089 3037 assignavi,
2134 2953 2199 3017 id
2244 2954 2469 3017 nititur
2513 2954 2590 3017 fr.
2640 2956 2722 3016 46
2768 2953 2810 3015 d

535 3078 674 3121 cum
718 3059 768 3119 it
811 3057 897 3120 ad
940 3056 1189 3140 Aryeos
1206 3104 1226 3136 ,
1285 3057 1448 3141 quod
1507 3078 1696 3141 neque
1757 3058 1941 3120 comit
2005 3063 2196 3139 eaput
2258 3078 2449 3142 neque
2509 3057 2809 3139 capillum

535 3159 797 3242 depectit
811 3160 859 3224 3.

738 3264 1010 3327 flaminis
1055 3265 1366 3328 Martialis
1412 3270 1476 3328 et
1521 3264 1865 3338 Quirinalis
1911 3284 2255 3347 eorumque
2300 3285 2570 3327 uxorum
2617 3264 2809 3326 caeri-

535 3366 888 3429 moniarum
919 3372 1049 3430 tam
1081 3390 1282 3452 parva
1312 3368 1390 3432 ad
1425 3390 1536 3432 nos
1583 3368 1872 3452 pervenit
1916 3368 2165 3449 notitia,
2211 3374 2282 3431 ut
2327 3368 2407 3432 de
2454 3368 2551 3432 his
2594 3368 2811 3451 paucis

533 3470 845 3552 possimus
914 3470 1264 3537 absolvere.
1355 3493 1504 3535 nam
1570 3478 2022 3556 praeterquam
2093 3471 2261 3555 quod
2320 3471 2519 3536 Gaius
2585 3472 2729 3536 inst.
2778 3471 2812 3534 I

742 3731 760 3765 ¹
799 3731 867 3782 cf.
947 3769 959 3781 .
998 3730 1082 3782 20.

739 3818 761 3851 2
800 3817 869 3868 cf.
904 3748 1245 3883 iliIarquardt¹
1282 3817 1503 3871 Euchir.
1539 3821 1649 3870 ant.
1671 3834 1812 3882 rom,
1850 3817 1969 3869 V12
2005 3836 2058 3886 p.
2084 3817 2187 3871 332
2224 3819 2348 3871 adn.
2386 3817 2447 3870 4:
2488 3820 2684 3871 ‘Wenn
2721 3819 2811 3872 die

532 3903 728 3956 Worte
767 3902 863 3955 (168
902 3903 1113 3955 Gellius
1151 3902 1203 3953 X
1248 3903 1336 3968 15,
1391 3901 1456 3953 27
1494 3907 1768 3956 venenato
1808 3905 2054 3972 operitur
2092 3905 2210 3957 sich
2248 3906 2348 3958 auf
2379 3905 2477 3958 das
2517 3905 2682 3958 Kleid
2716 3906 2811 3958 be-

532 3990 742 4056 ziehen‚
779 4007 840 4042 so
878 4007 992 4042 war
1030 3989 1149 4041 dies
1186 4007 1452 4057 pmpurn,
1490 3990 1601 4042 und
1638 3990 1736 4043 das
1775 3995 1902 4059 sagt
1939 3994 2080 4044 auch
2118 3991 2269 4044 SerV.
2299 3991 2371 4045 ad
2394 3992 2531 4044 Aen.
2568 3991 2649 4044 IV
2682 3991 2808 4044 137:

742 4094 762 4128 ³
799 4112 918 4147 cum
957 4094 1112 4146 Paul.
1151 4111 1204 4160 p.
1242 4094 1311 4147 93
1348 4111 1389 4145 s.
1428 4113 1478 4146 v.
1518 4091 1803 4148 ‘flaminius
1856 4096 2121 4148 camillus'
2171 4099 2321 4149 recte
2374 4097 2577 4149 camilli
2613 4113 2811 4149 nomen

536 4180 881 4232 ixl-lemmate
918 4181 1167 4247 posuerit
1204 4179 1292 4242 (fr.
1332 4179 1454 4246 30),
1511 4182 1569 4233 in
1621 4182 1880 4234 lemmate
1935 4198 2067 4233 vero
2122 4182 2371 4248 proxime
2426 4183 2810 4250 subsequentis

535 4266 772 4332 glossae,
809 4282 949 4331 quae
987 4269 1079 4317 est'
1109 4266 1176 4318 de
1213 4266 1457 4319 flaminia
1493 4269 1740 4333 camilla,
1792 4267 2010 4319 codices
2049 4265 2299 4320 ‘camilla'
2342 4269 2666 4322 vocabulum
2703 4285 2811 4321 non

534 4350 839 4417 praebeant
877 4348 965 4411 (fr.
1003 4350 1122 4416 50),
1174 4368 1282 4403 non
1332 4352 1524 4418 Pauli,
1575 4353 1673 4405 sed
1720 4353 2073 4405 librariorum
2124 4353 2377 4406 socordia
2427 4357 2570 4406 hanc
2619 4372 2811 4408 vocem

534 4437 805 4488 sublatam
843 4452 966 4489 6886
1005 4454 1037 4489 6
1072 4437 1341 4490 Muellero
1377 4437 1448 4490 ad
1484 4440 1537 4491 11.
1564 4440 1599 4490 1.
1633 4439 1963 4493 dissentiens
2000 4443 2159 4506 puto:
2197 4441 2385 4508 itaque
2423 4438 2680 4493 ‘flaminia
2718 4459 2809 4497 ca-

535 4521 702 4577 milla'
742 4521 976 4576 restitui.
1075 4565 1081 4571 .
