3407 5226
2716 485 2797 546 25

521 674 774 755 sociati,
837 671 1062 756 quibus
1127 671 1312 734 facile
1360 671 1588 755 aliquis
1635 671 1832 754 possit
1890 670 2083 735 fidem
2142 671 2495 738 detrahere.
2586 682 2653 738 at
2715 697 2796 740 ne

524 774 788 838 calidius
833 774 1029 837 talem
1073 773 1457 836 sententiam
1503 773 1966 856 amplectamur
1997 772 2151 836 facit
2180 775 2555 859 pontificum
2586 777 2800 842 deere-

523 883 661 940 tum
706 898 745 939 a
776 876 1054 939 Masurio
1104 875 1343 947 Sabino
1392 874 1681 938 Fabiano
1730 882 2034 960 excerpto
2078 878 2404 944 insertum.
2496 881 2585 943 ait
2630 881 2801 944 enim

524 980 600 1043 fr.
634 982 714 1042 35
762 978 872 1041 sub
920 984 1072 1041 tecto
1117 980 1215 1041 uti
1259 977 1382 1059 (sc.
1430 980 1562 1044 sine
1613 981 1789 1062 apice
1835 998 1962 1042 esse
1994 979 2255 1060 flamini
2297 980 2525 1062 Diali)
2570 984 2800 1062 liceret,

521 1103 675 1146 non
735 1081 1048 1164 pridem
1109 1102 1150 1144 a
1201 1082 1776 1165 pontificibus
1836 1084 2393 1147 constitutum
2441 1136 2456 1150 .
2506 1094 2625 1150 .-et
2671 1088 2800 1151 alia
2847 1163 2853 1169 ι

521 1186 829 1272 quaedam
874 1187 1141 1249 remissa
1168 1188 1525 1271 'qratiaque
1571 1187 1811 1271 aliquot
1859 1188 2394 1252 caerimoniarum
2413 1190 2614 1272 facta
2647 1188 2830 1255 dici-'

525 1297 650 1354 tur.
714 1290 920 1353 simile
967 1288 1292 1353 decretum
1339 1291 1632 1354 existimo
1664 1291 2151 1374 Interpolatoris
2189 1292 2347 1355 illud
2382 1314 2517 1358 esse
2549 1292 2657 1376 (fr.
2687 1294 2801 1375 36)

525 1397 654 1458 vult
717 1394 1036 1459 ostendere
1093 1396 1297 1477 iqitur
1311 1441 1330 1474 ,
1388 1394 1644 1472 flamini
1705 1401 1888 1457 extra
1956 1395 2227 1458 medium
2266 1399 2620 1479 pomerium
2662 1406 2806 1481 post

524 1499 673 1562 solis
720 1519 1006 1561 occasum
1052 1501 1292 1581 apicem
1328 1518 1560 1581 ponere
1604 1519 1728 1562 non
1775 1499 1985 1561 licere.
2054 1500 2180 1561 iam
2228 1520 2372 1562 cum
2406 1500 2611 1564 Taciti
2657 1523 2803 1566 ann.

522 1602 628 1664 III
677 1604 749 1665 71
805 1602 913 1682 (fr.
963 1602 1071 1680 34)
1120 1602 1424 1665 beneficio
1489 1603 1759 1665 sciamus
1804 1602 2099 1685 Augusto
2162 1605 2546 1687 imperatore
2593 1604 2805 1668 decre-

522 1711 658 1768 tum
694 1727 828 1770 esse
869 1727 907 1769 a
937 1700 1337 1790 pontificibus
1373 1707 1655 1789 quotiens
1693 1726 1820 1769 non
1848 1706 2132 1770 valitudo
2180 1707 2446 1771 adversa
2478 1707 2805 1788 flaminem

524 1806 780 1872 Dialem
842 1810 1229 1889 incessisset,
1293 1816 1364 1873 ut
1416 1811 1736 1894 pontificis
1794 1811 2059 1874 maximi
2106 1811 2374 1876 arbitrio
2425 1813 2572 1895 plus
2617 1831 2805 1896 quam

524 1913 862 1975 binoctium
909 1912 1161 1994 abesset,
1209 1914 1360 1976 dum
1403 1935 1479 1977 ne
1523 1914 1736 1978 diebus
1773 1914 2016 1997 publici
2061 1917 2366 1998 sacrificii
2403 1937 2523 1979 neu
2552 1917 2806 1998 saepius

524 2036 709 2100 quam
754 2016 848 2078 bis
906 2016 1163 2079 eundem
1225 2017 1295 2079 in
1341 2038 1599 2097 annum,
1646 2040 1775 2082 non
1824 2024 1975 2102 puto
2020 2040 2058 2082 a
2104 2020 2371 2083 veritate
2416 2019 2805 2100 aberramm,

525 2121 578 2184 si
608 2119 956 2182 Masurium
1003 2141 1327 2183 censemus
1372 2121 1452 2183 ad
1500 2121 1871 2204 pontificum
1918 2121 2174 2185 decreta
2218 2128 2473 2185 auctore
2504 2121 2801 2204 Augusto

527 2224 696 2287 facta
742 2230 1060 2307 spectare:
1108 2246 1182 2289 ac
1227 2226 1392 2306 vide,
1440 2231 1747 2309 quantum
1778 2225 1925 2289 huic
1955 2227 2351 2289 coniecturae
2384 2225 2599 2289 faveat
2630 2233 2807 2289 aetas

524 2328 765 2391 Masuri
796 2327 1015 2391 Sabini
1047 2329 1345 2411 Augusto
1402 2329 1701 2393 finitima:
1751 2328 1990 2391 homini
2022 2329 2211 2410 enim,
2260 2329 2368 2413 qui
2397 2329 2513 2393 sub
2544 2328 2801 2392 Tiberio

526 2437 590 2494 et
634 2431 888 2496 Nerone
934 2431 1174 2512 vixit1‚
1229 2433 1597 2514 pontificum
1643 2431 1969 2495 decretum
2015 2432 2131 2495 sub
2179 2431 2529 2496 Octaviano
2576 2431 2801 2495 consti-

526 2540 730 2598 tutum
765 2540 913 2620 apte
943 2536 1120 2597 licuit
1151 2535 1446 2598 inducere
1483 2534 1692 2598 verbis
1736 2554 1889 2597 non
1926 2534 2248 2618 pridem
2283 2586 2297 2599 .
2331 2582 2347 2598 .
2382 2535 2803 2598 constitutum.

528 2639 857 2721 Augustus
903 2659 1052 2703 vero
1084 2658 1248 2701 anno
1281 2660 1339 2701 a.
1374 2638 1445 2702 O.
1484 2642 1581 2719 11,
1629 2660 1773 2703 cum
1818 2640 2100 2703 flaminia
2144 2659 2323 2702 sacra
2368 2660 2481 2723 per
2527 2639 2803 2724 quinque

527 2749 591 2805 et
637 2744 1044 2826 septuaginta
1107 2763 1304 2806 annos
1368 2744 1724 2807 intermissa
1783 2742 2221 2827 restitueretss,
2281 2743 2807 2807 caerimoniarum

526 2847 936 2930 asperitatem
981 2847 1304 2930 mitigasse
1352 2848 1604 2911 videtur
1629 2847 1675 2912 3.
1768 2848 1896 2911 iam
1941 2846 2268 2927 habemus,
2314 2867 2438 2931 quo
2484 2846 2562 2911 fr.
2613 2848 2691 2910 37
2741 2852 2806 2909 et

527 2953 608 3013 38
669 2950 1051 3015 referamus:
1116 2972 1259 3014 cum
1320 2952 1490 3015 enim
1553 2951 1632 3016 fr.
1682 2950 1761 3015 37
1826 2951 2252 3035 praecipiatur
2313 2950 2556 3013 flamini
2613 2950 2805 3013 aliam

526 3052 755 3116 ducere
800 3074 1072 3117 uxorem
1117 3076 1248 3117 non
1293 3055 1483 3118 licere
1530 3056 1707 3118 nisi
1771 3060 1969 3138 post
2033 3059 2391 3117 mortem
2452 3052 2807 3118 flaminicae

525 3156 763 3238 uxoriS,
810 3162 874 3219 et
919 3156 996 3220 fr.
1048 3159 1128 3219 38
1174 3156 1349 3220 Diali
1418 3158 1826 3241 permittatur
1870 3178 2069 3221 unum
2114 3162 2432 3221 mortuum
2477 3162 2740 3239 tangere
2757 3155 2805 3237 4,

525 3266 792 3343 apparet
837 3259 933 3323 his
977 3260 1404 3325 sanctionibus
1449 3262 1686 3344 priscas
1732 3261 1874 3324 illas
1938 3261 2114 3344 leges
2173 3281 2413 3341 sacras,
2474 3281 2590 3345 per
2648 3280 2805 3345 quas

523 3489 671 3555 apud
737 3488 1004 3555 Interpol.
1075 3486 1226 3540 Serv.
1292 3488 1430 3541 Aen.
1490 3489 1572 3540 IV
1626 3486 1729 3540 518
1787 3486 1878 3551 (fr.
1928 3486 2019 3552 42)
2075 3487 2143 3538 de
2212 3483 2377 3539 soleis
2446 3491 2543 3540 aut
2604 3486 2806 3539 calceis

522 3575 827 3626 flaminicae
879 3575 1163 3641 disputata
1199 3579 1342 3641 sunt,
1381 3591 1489 3626 non
1526 3579 1660 3642 puto
1698 3591 1766 3627 ex
1802 3574 1973 3626 Festo
2011 3590 2066 3640 p.
2096 3572 2192 3625 161
2233 3589 2276 3626 s.
2315 3590 2365 3625 v.
2408 3570 2670 3626 ‘mortuae
2706 3589 2804 3640 pe-

525 3657 694 3712 cudis'
730 3661 972 3726 fluxisse,
1011 3660 1110 3712 sed
1146 3662 1444 3713 communis
1500 3661 1666 3712 fontis
1721 3676 1877 3712 usum
1914 3660 2168 3727 prodere.
2242 3659 2313 3712 ad
2349 3659 2515 3710 Verri
2552 3662 2806 3711 auctores

525 3761 648 3811 eos,
701 3761 837 3813 quos
874 3763 927 3813 p.
971 3745 1035 3798 19
1086 3746 1356 3806 indicavi,
1405 3746 1830 3814 Interpolatoris
1867 3748 2003 3798 Aen.
2043 3746 2098 3797 X
2132 3745 2235 3798 270
2273 3744 2363 3809 (fr.
2400 3744 2491 3810 ΞΟ)
2528 3745 2596 3797 de
2647 3745 2807 3814 apice

524 3832 894 3899 fragmentum
930 3833 1254 3885 rettulerim.
2117 3861 2121 3865 Δ

733 3921 752 3953 ¹
790 3920 858 3971 cf.
902 3919 1114 3972 Teuffel
1149 3920 1185 3971 l.
1212 3921 1246 3971 1.
1287 3919 1317 3985 ἓ
1355 3918 1474 3984 281,
1517 3920 1558 3973 1.

731 4006 752 4041 2
788 4004 941 4057 Cass.
982 4006 1105 4057 Die.
1143 4002 1272 4057 LIV
1303 4004 1389 4071 36,
1432 4008 1474 4058 1.
1549 4005 1768 4057 Sueten.
1809 4007 1954 4073 Aug.
1992 4004 2075 4058 31.
2152 4006 2281 4058 Tac.
2321 4022 2446 4057 ann.
2484 4004 2570 4055 III
2605 4002 2703 4077 583
2740 4004 2808 4055 cf.

525 4089 866 4157 Marquardt‚
902 4090 1123 4142 Enchir.
1163 4094 1274 4144 ant.
1313 4108 1450 4144 rom.
1489 4091 1606 4143 V12
1641 4108 1695 4159 p.
1736 4091 1820 4144 65.

731 4176 753 4210 ⁸
789 4177 858 4228 cf.
898 4176 1026 4229 Tac.
1067 4193 1192 4229 ann.
1231 4176 1312 4228 IV
1354 4176 1446 4228 16:
1484 4180 1563 4229 ita
1612 4178 1932 4229 medendum
1994 4183 2219 4228 senatus
2273 4177 2479 4228 decreto
2534 4182 2627 4226 aut
2680 4174 2810 4239 le9e2

526 4264 664 4313 sicut
688 4265 967 4326 Auyustus
991 4263 1255 4329 quaedam
1291 4280 1362 4315 ex
1396 4264 1626 4315 horrida
1664 4264 1766 4315 illa
1804 4266 2128 4330 antiquitate
2163 4264 2235 4313 ad
2263 4270 2610 4330 praesentem
2646 4278 2806 4313 usum

517 4348 789 4413 flexisset.

733 4434 756 4469 ⁴
791 4435 963 4487 verba
1001 4440 1180 4489 ‘unum
1230 4438 1516 4490 mortuum'
1567 4438 1770 4490 iustam
1814 4437 2145 4490 sententiam
2194 4452 2302 4487 non
2343 4434 2613 4502 praebere
2650 4438 2801 4487 recte

524 4521 1166 4590 monuitReifferscheid,
1205 4524 1297 4594 qui
1330 4524 1642 4594 suspicatur
1677 4524 2028 4578 scribendum
2061 4539 2181 4577 esse
2220 4527 2462 4576 ‘uxorem
2498 4518 2804 4575 mortuam'.
