3407 5226
2725 406 2805 471 69

541 613 624 676 ib.
673 614 776 693 51,
827 614 856 674 1
907 632 1038 695 sqq.
1104 608 1455 693 (565s189)
1514 612 1883 695 priusquam
1946 612 2010 674 in
2073 611 2428 694 provincias
2486 617 2806 693 praetores

543 718 740 794 irent,
800 721 1118 778 certamen
1174 715 1340 779 inter
1385 714 1459 778 P.
1507 715 1825 778 Licinium
1888 714 2246 797 pontificem
2292 714 2642 777 maximum
2685 713 2807 777 fuit

544 824 609 881 et
653 817 728 892 Q.
776 816 1045 880 Fabium
1090 817 1411 882 Pictorem
1457 818 1781 882 flaminem
1828 818 2257 900 Quirinalem,
2321 818 2507 900 quale
2551 824 2804 901 patrum

544 921 844 984 memoria
899 921 1066 985 inter
1127 921 1202 987 L.
1249 922 1581 987 Metellum
1643 929 1707 986 et
1768 922 2164 985 Postumium
2211 921 2516 984 Albinum
2577 921 2803 985 fuerat.

543 1023 861 1088 consulem
904 1024 1087 1087 illum
1133 1047 1275 1089 cum
1309 1024 1380 1090 O.
1414 1025 1672 1090 Lutatio
1720 1026 1962 1108 collega
1989 1026 2055 1088 in
2086 1025 2367 1089 Siciliam
2411 1023 2491 1087 ad
2538 1024 2800 1087 classem
2844 1028 2870 1071 5

541 1131 1156 1214 proficiscentemad
1187 1154 1366 1197 sacra
1396 1133 1743 1197 retinuerat
1775 1129 2072 1194 Metellus
2117 1130 2410 1213 pontifex
2456 1129 2802 1202 maximum

537 1241 895 1319 praetorem
941 1235 1125 1316 hunc,
1171 1258 1250 1301 ne
1296 1238 1360 1301 in
1409 1236 1769 1300 Sardiniam
1813 1234 2340 1319 proficisceretur,
2393 1233 2471 1297 P.
2521 1231 2804 1295 Licinius

538 1340 756 1403 tenuit.
845 1346 909 1405 et
955 1341 1019 1404 in
1066 1347 1289 1404 senatu
1353 1346 1418 1405 et
1478 1340 1560 1403 ad
1621 1339 1927 1423 populum
1992 1338 2236 1421 magnis
2295 1335 2805 1401 contentionibus

538 1450 848 1508 certatum
893 1451 1018 1520 est,
1086 1450 1148 1508 et
1193 1444 1459 1527 imperia
1521 1442 1789 1506 inhibita
1831 1443 1999 1505 ultro
2045 1441 2353 1524 citroque,
2417 1447 2479 1504 et
2536 1441 2801 1524 pignera

539 1555 762 1632 capta,
809 1556 873 1612 et
918 1549 1154 1613 multae
1200 1548 1439 1624 dictae,
1486 1554 1550 1611 et
1596 1547 1834 1610 tribuni
1877 1546 2221 1630 appellati,
2279 1551 2342 1608 et
2391 1551 2797 1628 provocatum
2841 1548 2898 1591 10

537 1650 616 1714 ad
650 1651 952 1736 populum
983 1658 1095 1716 est.
1185 1651 1411 1740 religio
1445 1650 1526 1714 ad
1558 1657 1952 1734 postremum
1998 1650 2165 1731 vicit,
2212 1657 2283 1713 ut
2327 1648 2492 1712 dicto
2538 1647 2798 1712 audiens

535 1762 698 1819 esset
741 1755 971 1818 flamen
1016 1755 1334 1839 pontifici3
1394 1761 1457 1819 et
1503 1754 1706 1819 multa
1749 1755 1921 1817 iussu
1968 1754 2185 1838 populi
2230 1755 2289 1817 ei
2334 1754 2612 1817 remissa.
2702 1754 2797 1815 ira

536 1859 896 1941 provinciae
942 1858 1245 1943 abreptae
1292 1865 1655 1943 praetorem
1702 1859 2076 1941 magistratu
2120 1857 2413 1921 abdicare
2459 1880 2524 1921 se
2570 1877 2796 1920 conan-

533 1969 663 2026 tem
708 1969 919 2045 patres
955 1963 1333 2026 auctoritate
1378 1984 1491 2026 sua
1537 1962 2001 2043 deterruerunt,
2047 1968 2109 2026 et
2153 1967 2224 2026 ut
2268 1962 2365 2025 ius
2410 1961 2572 2025 inter
2617 1983 2795 2045 pere-

529 2068 741 2150 grinos
786 2065 1023 2131 diceret
1069 2064 1502 2130 decreverunt.
2407 2116 2410 2119 .
2838 2063 2894 2105 ¹⁵

680 2357 800 2421 DE
846 2357 1188 2422 FLAMIN
1194 2357 1249 2422 E
1295 2357 1879 2423 OARMENTALI
1925 2358 2646 2425 SUPPLEMENTUM

736 2540 869 2605 Cic.-
914 2540 1095 2605 Brut.
1148 2543 1249 2622 14,
1296 2543 1378 2604 56
1425 2541 1572 2606 licet
1631 2541 1871 2626 aliquid
1933 2543 2125 2606 etiam
2171 2542 2249 2607 de
2296 2543 2383 2608 M.
2426 2543 2657 2628 Popilii
2703 2547 2794 2609 in-

530 2648 716 2731 genio
761 2646 1093 2730 suspicari,
1156 2646 1264 2729 qui
1309 2667 1452 2710 cum
1498 2648 1721 2710 consul
1767 2653 1932 2710 esset
1978 2647 2327 2732 eodemque
2373 2656 2655 2733 tempore
2700 2673 2794 2715 sa-

527 2751 829 2814 crificium
889 2750 1212 2834 publicum
1271 2770 1413 2813 cum
1476 2750 1733 2814 laena
1799 2749 2067 2833 faceret,
2142 2752 2308 2835 quod
2370 2760 2506 2817 erat
2563 2755 2792 2817 flamen

528 2854 967 2936 Carmentalis,
1015 2854 1186 2938 plebi
1232 2861 1448 2918 contra
1492 2861 1705 2937 patres
1751 2856 2169 2920 concitatione
2206 2864 2270 2920 et
2299 2857 2603 2921 seditione
2634 2880 2789 2921 nun·
2831 2885 2890 2927 20

528 2960 682 3022 tiata
703 3009 718 3039 ,
779 2964 846 3021 ut
909 2965 1046 3022 erat
1093 2956 1305 3040 [laena
1363 2959 1628 3023 amictus
1688 2957 1976 3039 (inclusit
2019 2958 2285 3044 Bake)]‚
2351 2961 2438 3024 ita
2495 2962 2669 3025 venit
2725 2963 2790 3025 in

529 3064 881 3127 contionem
911 3062 1410 3146 seditionemque
1455 3084 1597 3126 cum
1644 3064 2020 3128 auctoritate
2052 3071 2185 3127 tum
2216 3066 2495 3130 oratione
2526 3065 2789 3132 sedavit.

1148 3357 1336 3423 VIII.
1374 3358 1495 3423 DE
1540 3358 2166 3444 PONTIFIOIBUS

728 3565 895 3631 Fest.
931 3588 992 3653 p.
1029 3569 1150 3630 355
1197 3567 1563 3631 tutulum
1609 3570 1819 3632 vocari
1864 3570 2040 3634 aiunt
2075 3571 2531 3634 flaminicarum
2564 3575 2787 3657 capitis
2870 3583 2950 3645 56

522 3677 985 3752 ornamentum,
1033 3670 1199 3755 quod
1244 3670 1354 3734 fiat
1400 3672 1558 3735 vitta
1602 3693 1922 3758 purpurea
1966 3674 2200 3738 innexa
2245 3675 2517 3739 crinibus
2565 3684 2629 3740 et
2673 3699 2784 3741 ex·
2828 3705 2884 3747 25

523 3780 831 3838 structum
869 3774 933 3837 in
980 3774 1397 3838 altitudinem.
1461 3775 1739 3859 quidam,
1783 3778 2129 3861 pilleum
2175 3779 2539 3843 lanatum
2586 3783 2788 3846 forma

524 3877 738 3940 metali
784 3876 1124 3961 figuratum
1151 3927 1167 3959 ,
1226 3898 1378 3961 quo
1438 3879 1724 3942 flamines
1773 3901 1847 3942 ac
1914 3881 2364 3964 pontifices
2423 3879 2785 3968 utantur,

518 3980 740 4045 eodem
785 3982 1036 4045 nomine
1082 3983 1314 4046 vocari.
1365 3982 1450 4065 cf.
1480 3983 1588 4066 fr.
1635 3985 1742 4048 22.
1789 3985 1892 4050 43.

723 4187 790 4243 56
860 4187 996 4256 Lyd.
1035 4189 1102 4242 de
1140 4206 1309 4242 mens.
1350 4191 1377 4241 Ῑ
1418 4190 1481 4243 18
1515 4193 1644 4244 ἴδιον
1696 4192 1772 4245 dez
1811 4201 1980 4265 γέγονε
2017 4198 2115 4249 τῶν
2148 4197 2407 4267 ἆρχιερέων
2442 4196 2534 4264 τήν
2570 4197 2786 4265 κεφαλὴν

518 4283 708 4348 σκέπξιν
745 4277 773 4343 ἢ
809 4276 1080 4343 διαδεσμεῖν
1115 4285 1286 4347 ταινίᾳ,
1322 4284 1404 4330 καὶ
1443 4279 1598 4331 τοῦτο
1637 4281 1791 4347 δῆλον
1828 4283 1881 4334 ἔκ
1917 4284 2017 4335 τῶν
2051 4290 2296 4338 Λατίνων.
2342 4285 2412 4337 id.
2442 4286 2509 4337 de
2534 4286 2784 4353 magistr.

519 4363 576 4413 II
609 4361 645 4413 4
680 4363 745 4414 de
783 4362 1071 4415 Octaviano
1111 4364 1388 4429 Auqusto:
1440 4366 1528 4432 τήν
1566 4389 1620 4419 τε
1655 4367 1871 4434 κεφαλήν
1906 4375 2084 4423 ἔσκεπε
2120 4370 2184 4423 δι’
2233 4371 2290 4431 ἃς
2338 4374 2390 4426 ἓν
2437 4374 2502 4441 τῇ
2551 4382 2785 4443 γραφείσῃ

512 4473 602 4519 μοι
640 4455 749 4517 περὶ
785 4451 953 4517 μηνῶν
990 4463 1302 4524 πραγματείᾳ
1341 4451 1644 4507 ἆποδέδωκα
1683 4458 1857 4516 αἰτίας.
