3407 5226
746 1475 1228 1541 Pontificiorum
1270 1474 1582 1538 librorum
1626 1472 2023 1556 fragmenta,
2069 1493 2232 1557 quae
2277 1492 2392 1556 per
2437 1473 2820 1557 scriptorum

540 1579 860 1645 volumina
923 1584 1034 1642 aut
1089 1577 1304 1661 palam
1363 1577 1645 1661 dispersa
1703 1581 1914 1640 essent
1975 1581 2086 1639 aut
2143 1576 2454 1657 laterent,
2513 1576 2816 1659 colligere

539 1685 780 1767 primus
824 1682 1084 1745 molitus
1129 1687 1224 1744 est
1268 1681 1320 1744 is
1342 1730 1360 1762 ,
1429 1680 1537 1765 qui
1597 1679 1786 1743 simul
1844 1679 2121 1743 universi
2165 1678 2604 1743 Romanorum
2660 1680 2814 1744 iuris

540 1789 700 1852 sacri
768 1788 943 1869 leges
1010 1785 1395 1868 investigare
1459 1805 1534 1847 ac
1596 1783 1935 1867 disponere
2003 1803 2340 1865 aggressus
2406 1788 2538 1864 est,
2607 1782 2816 1848 Julius

540 1889 928 1955 Athanasius
958 1887 1334 1952 Ambrosch.
1383 1887 1509 1971 qui,
1556 1886 1706 1970 quid
1751 1887 1816 1949 in
1861 1885 1980 1949 hac
2009 1886 2333 1969 provincia
2363 1885 2815 1968 praestandum

541 2015 676 2058 esse
735 1993 855 2057 sibi
916 1991 1273 2073 videretur,
1335 1991 1400 2054 in
1461 1991 1677 2054 libello
1722 1990 2085 2054 academico
2106 2040 2122 2071 ,
2184 2010 2374 2074 quem
2418 2010 2473 2053 a.
2524 1991 2690 2052 1840
2735 1990 2815 2053 de

540 2097 730 2163 sacris
773 2095 1211 2159 Roman-orum
1257 2095 1434 2158 libris
1481 2093 1910 2157 Vratislaviae
1955 2092 2156 2157 edidit
2176 2094 2231 2173 1,
2292 2093 2657 2174 declaravit,
2704 2092 2815 2156 sed

541 2199 874 2283 quominus
920 2198 1248 2263 consilium
1294 2203 1748 2281 exsequeretur
1781 2202 2190 2279 praematura
2222 2201 2428 2259 morte
2460 2195 2816 2279 prohibitus

540 2308 666 2366 est:
714 2303 930 2386 itaque
962 2306 1214 2385 praeter
1244 2301 1425 2364 illum
1458 2300 1746 2364 libellum
1778 2305 1842 2364 et
1874 2299 2332 2373 Quaestionum
2361 2299 2818 2383 pontificalium

539 2407 961 2489 prooemium,
1014 2410 1206 2488 caput
1249 2403 1302 2485 I,
1349 2403 1440 2487 II,
1486 2403 1591 2466 III
1638 2401 2101 2484 (Vratislaviae
2151 2404 2339 2467 1847.
2389 2403 2576 2466 1848.
2628 2403 2813 2466 1850.

544 2509 741 2586 1851)
810 2507 967 2570 nihil
1034 2506 1114 2571 de
1180 2506 1278 2569 his
1345 2506 1534 2570 rebus
1601 2506 1777 2570 foras
1846 2505 2065 2571 edidit.
2124 2512 2268 2590 post
2326 2503 2815 2570 Ambroschium
2916 2523 2922 2532 ’

540 2609 1060 2675 Reifferscheidio
1105 2632 1166 2675 v.
1213 2632 1266 2674 c.
1314 2617 1575 2674 auctore
1622 2610 2038 2685 Quaestiones
2105 2610 2184 2675 de
2244 2610 2421 2675 libris
2479 2609 2815 2695 pontificiis

538 2715 784 2798 scripsit
830 2714 1069 2777 Paulus
1115 2713 1442 2777 Preibisch
1488 2712 1666 2795 (diss.
1700 2712 1964 2778 Vratisl.
2005 2711 2225 2796 1874),
2270 2715 2408 2798 ipsa
2453 2713 2815 2797 fragmenta

537 2819 869 2898 librorum,
915 2837 1077 2901 quae
1123 2817 1457 2900 congessit,
1502 2818 1693 2900 paulo
1739 2823 1880 2901 post
1924 2816 2164 2901 publici
2207 2817 2359 2881 iuris
2391 2817 2543 2881 fecit
2575 2815 2813 2901 (progr.

537 2921 690 2985 Tils.
746 2923 961 2999 1878).
1022 2941 1165 2984 cum
1223 2920 1276 2983 is
1335 2940 1488 2984 vero
1537 2926 1739 2984 totam
1785 2920 1948 2984 hanc
1993 2921 2431 3005 quaestionem
2477 2922 2681 3004 magis
2724 2922 2816 2984 in-

538 3024 815 3106 cohasse,
862 3045 1054 3109 quam
1084 3024 1427 3089 absolvisse
1456 3023 1783 3088 videretur
1800 3025 1846 3103 2,
1876 3023 2359 3088 Reifferscheidi
2390 3026 2816 3110 praeceptoris

537 3127 849 3191 carissimi
890 3127 1138 3205 scholis,
1185 3149 1340 3212 quas
1388 3127 1451 3190 in
1496 3127 1908 3190 universitate
1931 3125 2240 3191 Viadrina
2272 3126 2351 3192 de
2381 3127 2816 3193 Romanorum

539 3229 728 3292 rebus
781 3229 974 3293 sacris
1032 3228 1269 3293 habere
1331 3227 1608 3308 solebat,
1672 3235 1737 3292 et
1792 3229 2045 3312 privata
2104 3229 2543 3295 exhortatione
2590 3231 2815 3297 ductus

533 3331 995 3416 pontificiorum
1060 3330 1364 3394 librorum
1411 3330 1786 3414 fragmentis
1832 3331 2202 3414 colligendis
2257 3354 2516 3416 operam
2563 3336 2813 3398 navavi.

534 3436 763 3500 horum
821 3456 989 3498 nunc
1049 3434 1404 3499 studiorum
1466 3435 1785 3518 specimen
1843 3456 2125 3519 propono
2185 3436 2358 3520 quod
2417 3443 2704 3501 versatur
2747 3438 2814 3502 in

534 3539 972 3603 adumbrando
1018 3539 1324 3602 librorum
1370 3538 1833 3622 pontificiorum
1878 3559 2113 3622 genere
2158 3538 2431 3623 quodam
2451 3584 2468 3617 ‚
2515 3540 2596 3603 ad
2642 3540 2814 3625 quod

533 3648 705 3707 recte
768 3643 1052 3706 animum
1112 3641 1444 3705 attendere
1498 3642 1619 3704 viri
1682 3642 1851 3706 docti
1911 3641 2119 3706 adhuc
2178 3644 2311 3707 fere
2370 3644 2811 3725 neglexerunt.

460 3819 477 3837 ·
538 3747 773 3810 etenim
819 3766 964 3809 cum
1008 3745 1113 3809 isti
1157 3744 1303 3808 libri
1348 3766 1387 3807 a
1431 3745 1846 3829 scriptoribus
1891 3747 2264 3831 plerumque
2309 3747 2617 3812 librorum
2659 3769 2813 3832 pon-

533 3849 873 3913 tificiorum
918 3847 1455 3932 pontificaliumve
1502 3850 1604 3912 vel
1653 3851 2261 3914 commentariorum
2300 3851 2675 3934 pontificum
2705 3874 2815 3917 no·
2932 3879 2937 3884 ·

532 3952 806 4016 minibus
878 3952 1234 4036 promiscue
1303 3952 1821 4037 nuncupenturss,
1887 3960 2101 4018 tamen
2179 3955 2364 4018 certis
2438 3956 2812 4039 scriptorum

742 4110 763 4143 ²
800 4107 1263 4160 Observationum
1302 4107 1371 4160 de
1409 4108 1583 4160 sacris
1620 4108 1994 4161 Romanorum
2037 4110 2192 4162 libris
2229 4110 2505 4177 particula
2540 4112 2585 4163 Ι.
2624 4110 2814 4175 (index

533 4195 703 4245 schol.
745 4193 997 4257 Vratisl.)

741 4278 764 4314 2
801 4279 901 4331 cfr.
939 4279 1363 4332 Reifferscheidi
1413 4296 1705 4333 censuram
1752 4282 1810 4333 in
1860 4281 2181 4335 Jahresber.
2219 4284 2328 4354 fib„
2350 4282 2401 4335 d.
2439 4283 2722 4337 Fortschr.
2760 4284 2812 4336 d.

535 4364 699 4416 class.
740 4364 1048 4417 AJt.-Wiss.
1086 4364 1283 4417 XXIII
1319 4365 1500 4432 (1880)
1537 4385 1590 4435 p.
1630 4366 1749 4420 274.
2090 4369 2097 4375 ’

741 4449 762 4483 ⁸
797 4450 1043 4501 locorum
1096 4456 1454 4519 conspectum
1509 4453 1663 4506 dabit
1697 4452 1770 4506 M.
1809 4455 1997 4522 Voigt,
2035 4444 2186 4507 ὕδει·
2242 4456 2332 4508 die
2366 4454 2547 4523 Leges
2599 4456 2809 4524 regiae,

533 4536 590 4591 in
626 4536 750 4592 Act.
791 4535 981 4592 societ.
1021 4537 1214 4592 scient.
1253 4537 1452 4594 saxon.
1505 4540 1669 4592 class.
1716 4540 2034 4611 phil.-hist.
2072 4540 2182 4592 VH
2229 4540 2410 4608 (1876)
2458 4558 2512 4613 p.
2551 4539 2653 4594 647
2691 4558 2810 4611 sqq.
