3407 5226
561 400 656 470 240

573 612 777 667 ρουμ
811 581 1018 669 (οὗτος
1048 583 1122 649 δέ
1150 588 1277 649 ἐστι
1307 582 1584 669 βασιλευς
1615 585 1827 667 ἱερῶν)
1868 583 2326 668 ἀπείρηται
2373 588 2503 649 καὶ
2551 582 2847 665 ἄρχειν

572 692 705 753 καὶ
751 684 1748 774 dnpcn709831130s.fr.23.

410 799 448 859 9
594 838 597 840 >
781 793 956 858 Serv.
1018 794 1178 857 Aen.
1235 784 1408 857 VIII
1468 796 1591 857 646
1656 794 1730 857 de
1789 791 2144 878 Tarquinio
2205 792 2488 877 Superbo
2551 792 2848 874 empulso:

570 895 759 960 facile
805 901 1058 981 poterat
1105 896 1337 981 suscipi
1384 904 1447 960 et
1492 897 1712 963 occidi.
1803 897 1913 961 sed
1977 896 2122 975 ideo
2172 917 2299 959 non
2349 904 2446 960 est
2493 899 2845 980 susceptae,

505 1024 532 1064 5
578 1001 725 1083 quia
759 1000 959 1064 occidi
991 1022 1112 1065 non
1147 1006 1402 1085 poterat
1441 1001 1750 1084 religione
1794 1001 2215 1083 impediente:
2263 1022 2377 1064 rex
2422 1000 2590 1063 enim
2636 1018 2845 1061 sacro-

573 1124 713 1166 rum
759 1102 988 1168 fuerat.
1078 1104 1247 1168 unde
1291 1110 1516 1189 postea
1560 1104 1666 1167 alii
1710 1103 1860 1168 facti
1905 1093 2054 1169 sunt
2100 1104 2429 1183 consules,
2493 1102 2600 1166 alii
2660 1122 2845 1184 reges

573 1226 911 1270 sacrorum.

842 1491 964 1556 DE
1009 1490 1247 1556 REGE
1292 1491 1780 1557 SAGRORUM
1826 1491 2552 1557 SUPPLEMENTUM

780 1682 909 1748 Oio.
961 1682 1039 1746 de
1089 1681 1258 1747 dom.
1309 1685 1410 1764 14,
1456 1683 1538 1744 37
1586 1705 1681 1766 sq.
1725 1682 1852 1745 iam
1900 1683 2176 1746 omnium
2237 1703 2415 1746 sacra
2473 1683 2848 1762 interierint,

478 1813 530 1854 10
574 1807 839 1870 quorum
889 1785 1185 1850 custodes
1232 1807 1345 1850 vos
1392 1807 1530 1850 esse
1578 1785 1847 1866 debetis,
1891 1786 2015 1848 iam
2063 1787 2365 1869 patricius
2423 1807 2612 1876 nemo
2660 1785 2847 1853 relin-

574 1896 854 1972 quetur.
941 1891 1076 1954 ‚ita
1123 1889 1399 1981 populus
1453 1911 1754 1954 romanus
1810 1889 1990 1953 brevi
2036 1897 2330 1983 tempore
2374 1911 2583 1973 neque
2628 1910 2844 1970 regem

572 2012 903 2056 sacrorum
947 2013 1159 2077 neque
1203 1992 1490 2056 flamines
1535 2014 1653 2056 nec
1697 1993 1893 2057 salios
1940 1993 2198 2056 habebit
2243 2013 2361 2056 nec
2407 2013 2486 2055 ex
2525 1998 2707 2074 parte
2755 1990 2844 2053 di-

572 2095 766 2159 midia
824 2094 1104 2178 reliquos
1165 2095 1528 2159 sacerdotes
1590 2116 1800 2181 neque
1858 2104 2151 2160 auctores
2221 2096 2719 2159 centuriatorum
2765 2100 2846 2158 et

572 2198 959 2261 curiatorum
1008 2197 1406 2260 comitiorum
1455 2199 1869 2283 auspiciaque
1903 2198 2120 2283 populi
2153 2196 2450 2276 Romani,
2498 2198 2549 2260 si
2594 2198 2845 2280 magi-

480 2328 532 2370 15
570 2306 896 2365 stratus
954 2301 1306 2384 patricii
1368 2304 1564 2392 creati
1621 2322 1751 2365 non
1810 2303 1969 2384 sint,
2036 2302 2351 2366 intereant
2410 2321 2672 2366 necesse
2729 2306 2844 2380 est,

576 2426 721 2467 cum
766 2404 1049 2469 interrex
1094 2403 1305 2467 nullus
1373 2405 1490 2486 sit,
1543 2406 1714 2489 quod
1763 2411 1827 2470 et
1871 2407 2077 2489 ipsum
2125 2406 2462 2489 patricium
2509 2427 2649 2468 esse
2698 2412 2761 2469 et
2805 2428 2843 2470 a

571 2507 850 2591 patriciis
894 2508 1080 2589 prodi
1129 2528 1384 2572 necesse
1434 2513 1547 2573 est.
1637 2508 1781 2572 Liv.
1814 2507 1913 2572 VI
1958 2512 2064 2593 41,
2113 2512 2154 2599 9,
2199 2511 2392 2592 vulgo
2439 2530 2593 2592 ergo
2641 2509 2846 2594 ponti-

571 2610 720 2673 fices
753 2631 1028 2694 augures
1061 2610 1393 2675 sacrificuli
1426 2632 1609 2695 reges
1645 2619 1957 2694 creentur,
2006 2612 2263 2677 cuilibet
2309 2613 2551 2696 apicem
2593 2613 2844 2695 dialem,

568 2713 918 2792 dummodo
965 2714 1156 2778 homo
1203 2715 1321 2797 sit,
1374 2715 1791 2801 inponamus,
1849 2716 2174 2781 tradamus
2220 2718 2448 2781 ancilia
2492 2716 2843 2801 penetralia

469 2842 528 2885 20
573 2816 732 2879 deos
778 2817 1167 2902 deorumque
1215 2838 1430 2881 curam
1478 2818 1709 2903 quibus
1756 2819 1938 2904 nefas·
1980 2828 2077 2884 est
2119 2841 2208 2905 sq.
2319 2820 2403 2886 ib.
2450 2821 2552 2885 IX
2601 2822 2712 2900 34,
2766 2823 2842 2884 12

571 2941 759 3001 quem
804 2926 876 2984 tu
921 2942 1141 3005 regem
1186 2921 1638 2986 sacrificiorum
1684 2923 1910 2987 crees?
1986 2923 2324 3007 amplexus
2368 2924 2547 3007 regni
2594 2945 2844 3004 nomen,

562 3130 668 3181 ταῖν
715 3132 902 3200 ἷερέων;
940 3167 953 3181 .
993 3168 1005 3181 .
1039 3127 1264 3193 Ῥωμαῖοι
1317 3131 1374 3183 δὲ
1429 3135 1727 3183 παντάπασι
1778 3127 1897 3191 τούς
1946 3136 2163 3196 βασιλεῖς
2213 3128 2504 3196 ἐκβαλόντες
2556 3137 2704 3185 ἄλλον
2756 3134 2840 3185 ἐπὶ

561 3213 653 3274 τάς
688 3222 866 3274 θυσίας
901 3219 1082 3275 ἔταξαν
1116 3214 1224 3269 οὔτ’
1262 3221 1432 3286 ἄρχειν
1467 3214 1700 3275 ἔάσαντες
1738 3221 1856 3268 οὔτε
1900 3216 2232 3285 δημαγωγεῖν,
2282 3220 2421 3276 ὅπως
2453 3220 2613 3285 μόνον
2647 3218 2700 3269 ἓν
2737 3226 2844 3277 τοῖς

560 3302 708 3370 ἱεροῖς
755 3298 1109 3365 βασιλεύεσθαι
1158 3289 1348 3353 δοκῶσι
1386 3306 1468 3353 καὶ
1503 3306 1758 3366 βασιλείαν
1793 3299 1875 3352 διά
1910 3298 2029 3361 τούς
2065 3299 2217 3362 θεοὺς
2253 3299 2539 3370 ὑπομένειν.
2613 3301 2837 3368 Diony&

563 3386 745 3436 Halic.
782 3386 857 3435 IV
900 3384 965 3435 74
998 3388 1078 3439 ἰ’να
1127 3386 1183 3438 δὲ·
1230 3392 1308 3438 καὶ
1363 3388 1582 3454 τοῦνομα
1637 3388 1723 3453 τῆς
1773 3388 2020 3453 βασιλικῆς
2072 3389 2291 3447 ἔξουσίας
2346 3392 2559 3458 πάτριον
2615 3385 2843 3457 ὑπάρχον

561 3470 680 3540 ἡμῖν
715 3478 798 3524 καὶ
838 3469 930 3523 οὐν
979 3474 1170 3531 οἶωνοῖς
1220 3476 1389 3532 αἰσίοις
1438 3474 1576 3526 θεῶν
1624 3474 2028 3543 ἐπικυρωσάντων
2079 3472 2417 3543 παρεληλυθός
2466 3478 2531 3534 εἷς
2566 3474 2661 3540 τήν
2697 3473 2843 3528 πόλιν

560 3558 719 3624 αὐτῆς
773 3559 916 3610 ἕνεκα
971 3560 1060 3623 τῆς
1114 3556 1249 3619 ὅσίας
1303 3563 1638 3625 φυλάττηται,
1696 3559 1839 3629 ἷερῶν
1892 3556 2281 3612 ἆποδεικνῦσθω
2316 3583 2389 3619 τις
2422 3558 2650 3625 βασιλευς
2683 3559 2716 3614 o‘
2751 3558 2843 3627 τήν

560 3643 707 3710 τιμήν
756 3641 950 3709 ταύτην
999 3646 1119 3703 ἕξων
1165 3642 1244 3695 διά
1294 3651 1414 3710 βίου
1464 3650 1623 3711 πάσης
1677 3644 2037 3713 οῗπολελυμένος
2073 3647 2341 3713 πολεμικῆς
2375 3652 2455 3699 καὶ
2492 3648 2741 3713 πολιτικῆς
2774 3647 2839 3699 ἆ-

560 3735 768 3799 σχολιάς,
805 3734 854 3783 ἓν
884 3725 1046 3784 ντοῦτο
1079 3728 1244 3797 μόνον
1279 3736 1409 3802 ἔχων
1443 3736 1602 3801 ἔργον,
1629 3736 1794 3800 ὥσπερ
1820 3731 1851 3785 ὅ
1873 3730 2117 3798 βασιλευς,
2140 3729 2235 3797 τήν
2259 3731 2528 3802 ἡγεμονίαν
2563 3735 2670 3786 τῶν
2705 3745 2840 3799 θυη-

560 3818 780 3881 πολιῶν,
834 3821 952 3869 ἄλλο
1008 3815 1218 3871 δὀὖδέν.
1291 3818 1361 3868 ib.
1405 3818 1449 3867 V
1494 3820 1516 3868 l
1558 3817 1732 3887 ἕπειδή
1769 3822 1828 3871 δὲ
1864 3817 1944 3871 καὶ
1983 3821 2179 3872 πολλῶν
2233 3826 2316 3872 καὶ
2366 3824 2583 3890 μεγάλων
2628 3820 2840 3890 οἷγαθιιῖν

559 3908 709 3954 αἴτιοι
743 3905 998 3972 γεγονέναι
1045 3912 1151 3963 τοῖς
1198 3912 1376 3962 κοινοῖς
1427 3908 1706 3973 πράγμασιν
1754 3906 1931 3964 ἔδοξαν
1965 3906 2013 3956 οἷ
2047 3910 2274 3969 βασιλεῖς,
2311 3901 2577 3970 φυλάττειν
2611 3906 2839 3971 τοῦνομα

558 3988 646 4053 τῆς
679 3986 830 4057 ἅρχῆς
866 3992 987 4040 ὅσον
1022 3988 1085 4041 ἄν
1123 3985 1154 4054 ἤ
1190 3985 1332 4049 πόλις
1367 3990 1570 4055 διαμένῃ
1613 3990 1804 4059 χρόνον
1846 3987 2145 4058 βουλόμενοι
2180 3988 2299 4051 τους
2335 3992 2627 4061 ἱεροφάντας
2663 4013 2719 4042 τε
2755 3997 2839 4043 καὶ

560 4073 902 4140 οἰωνομάντεις
925 4076 1174 4127 ἐκέλευσαν
1201 4075 1471 4137 άποδεῖξαι
1494 4074 1588 4129 τόν
1613 4075 2025 4143 ἐπιτηδειότατον
2060 4079 2160 4131 τῶν
2195 4086 2561 4147 πρεσβυτέρων,
2599 4078 2652 4137 ὃς
2688 4077 2838 4130 οὔδε-

556 4159 643 4221 νός
692 4165 893 4228 ἤμελλεν
942 4163 1058 4222 ἕξειν
1106 4162 1279 4231 ἑτέρου
1325 4162 1454 4229 πλὴν
1497 4164 1596 4216 τῶν
1640 4169 1756 4233 περὶ
1806 4163 1869 4215 τά
1920 4174 2036 4216 θεῖα
2081 4166 2350 4232 σεβασμῶν
2384 4162 2479 4230 τὴν
2514 4172 2841 4234 προστασίαν,

555 4245 756 4313 ἁπάσης
826 4251 1122 4318 λειτουργίας
1175 4249 1460 4316 ’πολεμικῆς
1517 4255 1598 4302 καὶ
1662 4251 1917 4317 πολιτικῆς
1987 4249 2278 4317 α’φειμένος,
2350 4252 2495 4321 ῖερῶν
2551 4255 2839 4319 καλούμενος

560 4336 799 4399 βασιλεύς.

763 4418 797 4472 9
871 4420 943 4479 cf.
983 4420 1219 4488 Dionys.
1257 4419 1391 4472 Hal.
1431 4419 1525 4471 IV
1563 4422 1631 4471 74
1666 4424 1730 4473 in
1765 4422 1894 4473 adn.
1920 4421 2012 4486 fr.
2047 4424 2098 4475 8.
