3407 5226
455 1256 536 1316 59

519 1587 574 1629 10

457 1670 538 1732 60

456 1880 531 1941 61

620 420 700 481 70

824 608 896 669 cle
942 607 1259 688 secespita,
1307 625 1495 689 quam
1539 604 1860 686 pontifices
1906 576 2152 685 (serunt,
2202 603 2286 686 cf.
2320 601 2426 682 fr.
2474 601 2569 665 51.

823 727 991 791 Fest.
1041 749 1100 811 p.
1149 729 1272 790 330
1319 749 1348 789 s
1370 748 1403 789 c
1423 747 1457 789 e
1476 748 1518 789 n
1539 747 1576 789 a
1596 747 1659 788 m
1718 746 1917 808 genus
1969 723 2185 806 [fuisse
2231 721 2411 805 ferri]
2472 724 2878 788 manifestum

618 839 732 913 est,
778 832 885 895 sed
931 839 1145 895 utrum
1189 831 1419 894 securis
1465 852 1547 893 an
1593 829 1858 893 dolabra
1903 830 2003 907 sit,
2050 828 2408 910 ambigitur.
2500 850 2689 912 quam
2736 827 2878 892 Cin-

616 937 748 1000 cius
792 937 856 999 in
901 936 1060 1000 libro
1107 937 1214 1019 qui
1259 940 1356 997 est
1412 932 1515 1014 †ei
1560 933 1639 996 de
1699 933 1910 997 verbis
1953 932 2172 1017 priscis
2235 932 2560 996 dolabram
2607 934 2695 996 ait
2740 954 2876 996 esse

619 1040 1020 1124 pontificiam.
1114 1039 1194 1101 ib.
1243 1040 1367 1100 318
1437 1060 1465 1100 s
1482 1059 1514 1100 c
1531 1057 1565 1100 e
1581 1059 1622 1100 n
1639 1059 1677 1100 a
1736 1038 1817 1099 ab
1863 1036 1979 1099 alis
1996 1083 2011 1114 ,
2064 1051 2104 1097 a‘
2147 1035 2522 1118 quibusdam
2583 1058 2612 1099 s
2627 1057 2665 1098 a
2681 1057 2713 1099 c
2729 1057 2764 1100 e
2780 1057 2822 1098 n
2838 1058 2876 1099 a

616 1145 978 1230 appellatur
1022 1142 1283 1206 dolabra
1328 1141 1723 1226 pontificalis.

821 1246 1122 1330 Interpol.
1169 1245 1345 1309 Serv.
1395 1244 1556 1308 Aen.
1604 1243 1776 1306 VIII
1822 1245 1946 1306 552
1993 1248 2057 1307 et
2101 1243 2284 1306 multi
2327 1242 2445 1306 hoc
2490 1243 2623 1307 loco
2667 1264 2878 1326 repre-

616 1350 901 1415 hendunt
946 1347 1300 1433 Vergilium
1321 1392 1336 1423 ,
1403 1346 1569 1431 quod
1591 1397 1606 1428 ,
1675 1368 1820 1410 cum
1864 1346 2153 1410 Aeneam
2216 1346 2450 1430 ubique
2520 1347 2878 1430 pontificem

617 1453 940 1533 ostendat,
1002 1459 1066 1516 et
1110 1451 1659 1536 pontificibus
1721 1472 1876 1513 non
1921 1452 2183 1513 liceat
2228 1471 2380 1534 equ
2403 1472 2439 1514 o
2486 1450 2711 1532 vehi,
2770 1451 2878 1514 sed

619 1580 823 1637 curru,
872 1608 885 1621 .
938 1607 951 1621 .
1000 1577 1109 1620 cur
1154 1555 1253 1617 hic
1300 1575 1459 1638 equo
1506 1575 1649 1618 eum
1694 1575 1880 1617 usum
1926 1554 2134 1617 faciat.

824 1662 1001 1726 Serv.
1049 1660 1212 1724 Aen.
1259 1659 1359 1722 IX
1404 1660 1527 1722 298
1573 1658 1888 1743 pontifi
1908 1658 2134 1722 cibus
2167 1680 2293 1744 per
2338 1659 2567 1723 liberos
2612 1661 2879 1723 iurare

616 1789 745 1831 non
793 1765 1134 1843 licebat,
1180 1764 1288 1828 sed
1335 1785 1484 1848 per
1528 1763 1723 1827 deos
1767 1769 1907 1826 tan
1931 1762 2369 1826 tummodo.

822 1869 998 1933 Serv.
1045 1869 1208 1933 Aen.
1255 1866 1351 1930 VI
1401 1870 1522 1931 176
1570 1888 1711 1930 cum
1760 1865 2326 1950 pontificibus
2372 1868 2605 1931 nefas
2652 1876 2880 1931 esset

616 1997 649 2038 c
663 1996 702 2038 a
720 1975 761 2038 d
781 1997 819 2038 a
840 1997 878 2038 v
894 1996 928 2038 e
947 1997 978 2037 r
1002 1956 1003 1959 Ἴ
1024 1973 1156 2037 vid
1181 1994 1215 2037 e
1235 1995 1266 2035 r
1282 1994 1316 2036 e
1339 2022 1354 2052 ,
1417 1973 1618 2055 magis
1663 1976 1878 2035 tamen
1924 1971 2102 2034 nefas
2149 1971 2357 2035 fuerat
2377 2021 2395 2053 ,
2441 1972 2492 2035 si
2539 1972 2742 2035 visum
2786 1973 2877 2035 in-

822 2156 889 2208 59
960 2155 1223 2222 Interpol.
1262 2153 1412 2206 Serv.
1453 2154 1589 2205 Aen.
1629 2153 1767 2204 VIII
1803 2151 1904 2204 552
1943 2156 2010 2204 et
2046 2153 2248 2205 multi
2286 2191 2298 2203 .
2339 2193 2350 2203 .
2391 2192 2404 2203 .
2443 2169 2684 2216 curru,
2739 2155 2879 2205 sicut

618 2247 671 2294 et
706 2242 762 2293 in
799 2242 1032 2308 septimo
1070 2238 1224 2306 <280>
1264 2259 1296 2292 a
1330 2238 1527 2292 Latino
1581 2240 1632 2290 ei
1681 2254 1899 2291 currum
1951 2240 2175 2291 missum
2224 2239 2386 2304 dicit,
2436 2255 2555 2290 cur
2604 2241 2720 2291 hic
2758 2280 2771 2291 .
2812 2280 2823 2290 .
2865 2280 2877 2291 .

615 2329 642 2378 f
652 2329 878 2393 aciat,
926 2328 1112 2379 dicens
1152 2324 1368 2379 ‘ducunt
1408 2331 1653 2378 exortem
1689 2328 1931 2388 Aeneae,
1970 2343 2129 2393 quem
2165 2327 2316 2379 fulva
2351 2327 2527 2377 leonis
2564 2327 2726 2393 pellis
2765 2327 2878 2378 obit

616 2418 787 2466 totum
833 2414 1191 2481 praefulgens
1243 2413 1515 2479 unguibus
1567 2410 1797 2478 aureis'‚
1848 2414 1976 2465 item
2015 2411 2168 2480 <585>
2205 2411 2434 2480 ‘iamque
2490 2414 2627 2465 adeo
2667 2414 2879 2468 exierat

615 2502 790 2568 portis
829 2501 1104 2567 equitatus
1143 2500 1351 2567 apertis
1388 2500 1606 2552 Aeneas
1645 2501 1788 2551 inter
1826 2496 2062 2567 primos'.
2153 2501 2302 2552 cuius
2341 2501 2422 2552 rei
2459 2503 2596 2553 haec
2634 2500 2879 2552 redditur

616 2589 786 2641 ratio:
837 2589 1082 2640 Aeneam
1131 2604 1238 2639 non
1286 2591 1496 2640 tantum
1544 2587 1810 2655 pontificii
1847 2587 2008 2654 iuriS,
2064 2587 2162 2640 sed
2212 2588 2446 2640 omnium
2497 2584 2774 2640 sacrorum
2824 2592 2879 2639 et

615 2677 851 2743 peritum
904 2680 958 2727 et
1008 2676 1240 2743 primum
1290 2676 1489 2740 fuisse,
1526 2675 1836 2742 Vergilium
1885 2679 2066 2726 autem
2120 2676 2342 2726 inventa
2391 2676 2676 2727 occasione
2716 2675 2878 2727 ritum

615 2764 983 2815 Romanarum
1024 2763 1476 2815 caerimoniarum
1514 2779 1810 2830 exponere.
1875 2763 2075 2813 etenim
2112 2762 2286 2813 veteri
2323 2778 2602 2813 sacrorum
2638 2763 2748 2814 ritu
2783 2779 2877 2814 ne-

617 2866 721 2917 que
756 2849 1027 2902 Martialis
1078 2866 1256 2916 neque
1292 2849 1588 2910 Quirinalis
1637 2849 1836 2900 flamen
1887 2848 2134 2899 omnibus
2185 2849 2532 2900 caerimoniis
2569 2849 2876 2915 tenebatur,

616 2937 808 3004 quibus
845 2937 1044 2989 flamen
1080 2936 1257 2988 Dialis
1293 2953 1335 2986 e.
1371 2954 1419 3002 q.
1457 2953 1519 2998 s.,
1554 2936 1627 3000 cf.
1655 2937 1744 3001 fr.
1782 2937 1862 2987 54.

819 3022 887 3075 60
961 3022 1114 3075 Serv.
1141 3023 1278 3074 Aen.
1307 3021 1389 3073 IX
1424 3021 1526 3073 ⁶298
1564 3023 1659 3074 alii
1697 3023 1886 3074 volunt
1921 3023 2044 3074 ideo
2083 3023 2285 3074 dictum
2324 3018 2498 3082 ‘ante’‚
2536 3024 2664 3089 quia
2701 3040 2877 3090 pon-

611 3111 955 3163 tificibus
995 3150 1006 3161 .
1048 3150 1058 3160 .
1100 3150 1112 3162 .
1151 3112 1671 3176 tantummodO,
1710 3114 1770 3162 ut
1807 3111 1877 3162 sit
1913 3107 2072 3162 ‘ante'
2112 3113 2403 3176 antequam
2440 3110 2692 3176 pontifex
2732 3114 2879 3162 esset

613 3199 848 3250 Aeneas,

818 3282 883 3336 61
959 3282 1110 3335 Serv.
1148 3285 1284 3335 Aen.
1325 3284 1404 3335 VI
1461 3284 1560 3336 176
1622 3285 1820 3352 ubique
1881 3284 2110 3336 Aenean
2171 3300 2339 3350 supra
2399 3287 2612 3335 ceteros
2673 3283 2879 3336 inducit

611 3373 843 3421 mortem
879 3371 1167 3422 cuiuslibet
1206 3372 1423 3436 dolere,
1476 3376 1536 3422 ut
1571 3368 1626 3437 <1
1661 3368 1791 3437 221>
1827 3367 1982 3422 ‘nunc
2020 3371 2216 3436 Amyci
2252 3387 2437 3423 casum
2486 3369 2697 3438 gemit’‚
2748 3372 2878 3423 item

612 3455 688 3521 <V
723 3452 852 3521 869>
889 3453 1140 3522 ‘casuque
1199 3457 1436 3508 animum
1489 3473 1784 3509 concussus
1842 3457 2035 3509 amici'.
2108 3458 2235 3509 hinc
2274 3458 2324 3508 ei
2362 3456 2457 3509 dat
2494 3458 2641 3510 circa
2696 3459 2877 3525 sepul-

612 3547 787 3594 turam
827 3543 993 3594 etiam
1032 3542 1254 3594 sordida
1304 3543 1512 3608 officia,
1568 3560 1708 3610 quae
1745 3544 1802 3595 in
1839 3543 1961 3595 aliis
2002 3543 2240 3611 denegat
2275 3544 2427 3595 locis.
2502 3545 2593 3611 qui
2631 3546 2768 3597 enim
2809 3545 2876 3596 de

611 3630 835 3696 pietatis
887 3629 1179 3697 generibus
1231 3631 1603 3697 scripserunt,
1653 3632 1886 3698 primum
1935 3631 2114 3683 locum
2153 3632 2209 3682 in
2247 3632 2529 3699 sepultura
2567 3648 2687 3683 esse
2726 3633 2878 3684 volu-

612 3719 795 3767 erunt:
834 3715 976 3767 unde
1014 3732 1159 3767 cum
1195 3718 1690 3783 pontificibus
1731 3758 1743 3769 .
1782 3757 1793 3770 .
1833 3758 1845 3769 .
1886 3718 2409 3786 relinquerent.
2485 3734 2657 3784 genus
2696 3722 2877 3771 autem

815 3857 836 3888 2
874 3855 1007 3907 ferri
1045 3856 1313 3921 supplevit
1351 3855 1582 3906 Mueller
1621 3856 1781 3907 cultri
1829 3856 2017 3908 Ursin.
2180 3855 2200 3888 ³
2253 3859 2434 3907 utrum
2468 3871 2594 3907 corr
2629 3857 2693 3907 A.
2734 3856 2872 3921 Auq.

608 3947 669 3994 in
706 3957 808 4007 my.
859 3941 980 3992 Ure.
1019 3942 1259 3993 futurum
1298 3942 1347 3988 F
1403 3941 1620 3994 Cincius
1658 3980 1671 3993 .
1700 3982 1712 3993 .
1743 3982 1754 3992 .
1793 3942 2013 4010 priscis]
2056 3943 2119 3993 L.
2165 3942 2320 3995 Cinci
2360 3944 2424 3993 de
2462 3942 2638 3994 verbis
2674 3946 2877 4008 prlscis

610 4028 761 4093 libri,
796 4034 853 4079 ut
890 4029 1117 4093 videtur,
1152 4029 1457 4091 sinyularis
1504 4029 1589 4094 fr.
1634 4032 1700 4079 16
1731 4045 1787 4094 p.
1827 4031 1892 4079 47
1928 4029 2102 4081 Hertz
2194 4030 2217 4065 ⁴
2254 4028 2327 4093 ei]
2366 4029 2422 4081 II
2459 4033 2569 4081 sive
2607 4031 2875 4083 secundus

608 4129 732 4166 corr
783 4113 847 4164 A.
892 4112 1029 4177 Auy.
1066 4116 1127 4165 in
1175 4129 1278 4177 my.
1328 4114 1449 4165 Urs.
1491 4116 1540 4166 ei
1586 4115 1870 4166 delendum
1918 4122 2095 4168 censet
2129 4115 2317 4180 Hertz,
2355 4117 2438 4167 De
2477 4115 2683 4169 Civwiv's
2713 4134 2772 4184 p.
2810 4121 2878 4168 48

609 4202 629 4234 ⁵
679 4197 867 4266 scena]
905 4216 1100 4251 scaena
1148 4200 1268 4253 Urs.
1326 4198 1549 4267 sacena]
1603 4217 1801 4254 secena
1846 4207 1968 4254 coni
2002 4203 2302 4255 Forcellini
2348 4206 2408 4255 in
2455 4203 2625 4255 lexico
2765 4206 2783 4237 '¹
2822 4209 2878 4256 et

608 4287 763 4338 multi
799 4303 841 4337 e.
879 4304 924 4353 (1.
965 4302 1009 4337 8.
1048 4289 1109 4338 in
1144 4302 1248 4350 my.
1289 4303 1410 4353 sup.
1458 4288 1506 4338 T
1575 4289 1595 4323 ⁸
1630 4285 1799 4355 quod]
1840 4289 1933 4354 qui
1969 4288 2017 4338 T
2040 4305 2134 4340 cur
2170 4290 2330 4341 Frid.
2367 4290 2575 4341 Schoell
2643 4292 2687 4325 1⁰
2723 4307 2877 4358 usum

607 4373 777 4426 faciat
814 4373 1172 4425 Commelinus
1209 4374 1387 4441 ipsum
1442 4375 1611 4427 faciat
1647 4375 1718 4442 F,
1756 4383 2084 4430 evanuerant
2134 4378 2262 4427 haec
2296 4376 2456 4432 verba
2494 4380 2552 4428 in
2600 4376 2648 4430 T
2752 4377 2796 4411 ¹⁴
2832 4378 2880 4429 si

609 4459 806 4524 visum]
848 4477 906 4512 se
944 4460 1119 4512 uisum
1164 4462 1211 4512 G
1249 4476 1470 4513 suusum
1510 4458 1575 4517 H
