3407 5226
614 475 695 536 22

613 665 693 726 sit
723 664 778 744 ¹,
854 664 1167 728 absonum
1238 670 1334 727 est
1401 665 1516 728 tibi
1583 664 1973 748 persuadere
2042 664 2194 729 Atei
2259 665 2488 729 librum
2556 664 2887 728 Plutarchi

611 769 674 830 in
765 769 1055 832 manibus
1158 774 1483 832 versatum
1589 791 1733 833 esse
1755 769 1804 833 2.
1982 776 2048 833 at
2147 770 2315 832 idem
2405 769 2606 832 Barth
2696 790 2888 852 quae-

612 873 880 937 stionem
935 873 1054 934 112
1103 871 1263 934 hanc
1310 871 1395 935 ob
1442 893 1696 935 causam
1731 873 1930 937 Iubae
1975 872 2434 936 restituendam
2483 894 2626 936 esse
2671 870 2887 952 vidit3,

614 976 786 1060 quod
847 976 909 1038 in
972 996 1048 1038 ea
1093 975 1530 1040 Romanorum
1592 978 1872 1061 patrium
1945 977 2306 1040 institutum
2368 997 2510 1038 cum
2558 974 2886 1060 Pythago·

612 1101 868 1143 reorum
928 1080 1216 1143 doctrina
1279 1088 1785 1163 compararetur:
1865 1101 2050 1164 quem
2116 1079 2318 1144 Iubae
2383 1100 2626 1143 morem
2695 1079 2889 1142 fuisse

611 1205 675 1266 p.
722 1185 804 1245 24
850 1203 987 1267 sqq.
1035 1183 1283 1248 idoneis
1328 1185 1641 1267 exemplis
1691 1184 2055 1268 explicavit.
2148 1204 2288 1247 cum
2337 1183 2714 1267 quaestione
2768 1185 2888 1246 112

612 1308 766 1351 vero
815 1287 1007 1350 etiam
1054 1294 1316 1368 ceteras,
1366 1309 1529 1372 quae
1575 1293 1724 1352 sunt
1771 1288 1851 1350 de
1894 1288 2148 1350 flamine
2197 1286 2388 1366 Diali,
2435 1286 2637 1350 Iubae
2682 1286 2889 1367 adsig-

611 1390 854 1454 nandas
917 1412 1059 1454 esse
1118 1392 1254 1474 his,
1314 1413 1476 1475 quae
1524 1392 1604 1456 de
1648 1392 1725 1455 iis
1776 1392 1941 1469 dixi,
2006 1392 2370 1455 necessario
2443 1389 2732 1454 efficitur.
2823 1388 2888 1451 id

612 1495 1018 1558 confirmatur
1081 1516 1194 1576 e0‚
1259 1495 1428 1578 quod
1493 1497 1557 1560 in
1619 1495 1912 1560 omnibus
1967 1495 2099 1559 fere
2159 1494 2233 1557 iis
2295 1516 2374 1558 ex
2424 1492 2886 1557 consuetudine

613 1594 1045 1680 ὁμοιοτήτων4
1070 1602 1462 1687 comparatio
1497 1600 1849 1664 instituitur
1880 1600 2045 1663 inter
2075 1599 2403 1663 Romanos
2439 1604 2503 1663 et
2538 1598 2821 1661 Graecos
2844 1596 2889 1660 5.

612 1723 766 1784 ergo
826 1701 989 1766 Iuba
1051 1709 1304 1787 praeter
1350 1709 1589 1768 ceteros
1638 1704 2015 1787 scriptores,
2064 1724 2224 1788 quos
2270 1698 2651 1782 ὁμοιοτήτων
2696 1723 2890 1765 causa

610 1807 1059 1899 percensuitf,
1104 1807 1272 1888 Atei,
1321 1810 1499 1871 cuius
1547 1808 1832 1891 aequalis
1880 1808 2095 1888 erat⁷,
2144 1808 2297 1870 iuris
2344 1807 2650 1892 pontificii
2692 1806 2888 1870 libros

614 1911 941 1995 usurpavit
1000 1932 1209 1995 neque
1273 1917 1596 1975 auctorem
1660 1933 1845 1974 suum
1910 1910 2349 1974 dissimulavit.
2440 1908 2556 1973 sed
2602 1909 2886 1974 eiusdem

613 2035 807 2098 opera
839 2014 1076 2079 factum
1115 2021 1229 2095 est,
1275 2022 1344 2079 ut
1389 2015 1774 2079 Plutarchus
1822 2023 2050 2100 quater
2094 2017 2159 2077 in
2209 2014 2642 2079 describendis
2688 2014 2888 2081 flami-

612 2118 707 2180 nis
757 2119 1152 2183 caerimoniis
1199 2141 1237 2181 a
1282 2120 1565 2183 Masurio
1633 2119 1957 2184 dissideat.
2050 2119 2238 2182 huius
2287 2120 2376 2182 rei
2422 2119 2586 2182 duae
2632 2125 2886 2202 praesto

610 2228 758 2285 sunt
806 2223 1294 2307 explicationes:
1345 2229 1455 2286 aut
1501 2224 1668 2289 enim
1715 2224 2032 2287 Masurius
2076 2223 2213 2306 ipse
2264 2223 2329 2286 in
2360 2221 2887 2286 transscribendis

611 2326 760 2389 Atei
808 2326 1018 2390 verbis
1066 2347 1158 2406 ca,
1208 2328 1436 2412 quibus
1494 2349 1533 2390 a
1579 2327 1743 2391 Iuba
1791 2334 2162 2411 superatur,
2210 2327 2438 2405 omisit,
2485 2333 2595 2389 aut
2643 2324 2888 2389 Gellius

608 2431 730 2494 ista
759 2452 795 2493 a
827 2431 1109 2495 Masurio
1157 2433 1454 2515 religiose
1499 2454 1577 2496 ex
1607 2431 1756 2495 Atei
1805 2431 1968 2496 libro
2013 2436 2269 2515 recepta
2314 2431 2565 2511 abiecit,
2609 2429 2671 2491 id
2722 2427 2887 2513 quod

614 2534 767 2597 mihi
799 2535 929 2596 veri
962 2535 1163 2598 simile
1196 2534 1469 2599 videtur.
1519 2534 1598 2598 de
1633 2555 1759 2620 qua
1792 2534 2151 2618 suspicione
2182 2533 2451 2597 fortasse
2483 2531 2886 2597 eximendum

612 2644 706 2702 est
770 2638 847 2703 fr.
897 2642 979 2701 24
1026 2639 1071 2701 k
1142 2660 1405 2723 capram
1464 2648 1519 2704 et
1579 2659 1832 2703 carnem
1899 2640 2208 2703 incoctam
2258 2690 2272 2703 .
2323 2689 2337 2703 .
2386 2658 2576 2722 neque
2632 2643 2890 2721 tanyere

610 2742 797 2805 Diali
841 2762 972 2805 mos
1019 2749 1109 2806 est
1154 2763 1344 2826 neque
1389 2744 1739 2821 nominare,
1786 2742 1896 2805 ubi
1932 2747 2082 2806 ante
2129 2738 2412 2805 ‘carnem’
2457 2738 2748 2804 ‘canem
2795 2741 2890 2807 et'

612 2845 921 2909 excidisse
983 2845 1156 2909 haud
1216 2866 1549 2930 perperam
1609 2846 1977 2910 Fridericus
2023 2845 2156 2909 Leo
2205 2844 2243 2907 l.
2291 2847 2328 2910 l.
2379 2869 2439 2930 p.
2487 2847 2571 2907 44
2615 2845 2760 2909 adn.
2812 2849 2888 2909 18

609 2950 970 3033 suspicatus
1018 2956 1134 3014 est.

821 3144 838 3177 ¹
876 3143 1235 3195 Plutarchum
1272 3144 1329 3193 in
1366 3142 1781 3195 conscribendis
1808 3143 2221 3209 quaestionibus
2247 3144 2489 3196 romanis
2522 3145 2690 3197 Iubae
2716 3145 2890 3196 histo·

609 3230 747 3281 riam
787 3247 1099 3295 romanam,
1150 3246 1258 3281 non
1305 3228 1607 3297 ὁμοιότητας
1643 3228 1963 3281 adhibuisse
1999 3229 2314 3281 Fridericus
2352 3231 2549 3295 Reuss,
2593 3230 2676 3282 De
2714 3229 2893 3282 Jubae

609 3314 760 3380 regis
817 3314 1052 3366 historia
1105 3331 1334 3367 romana
1392 3332 1425 3366 a
1478 3315 1780 3366 Plutarcho
1836 3330 2105 3381 expressa
2160 3314 2380 3382 (Progr.
2431 3315 2677 3368 Wetzlar
2738 3314 2892 3381 1880)

613 3415 665 3465 p.
704 3399 738 3450 8
774 3416 891 3466 sqq.
930 3400 1064 3451 mihi
1103 3417 1212 3451 non
1248 3401 1540 3467 persuasit.

819 3486 840 3519 ²
878 3486 1236 3539 Plutarchum
1273 3489 1424 3555 ipsos
1461 3488 1591 3540 Atei
1627 3489 1696 3539 de
1735 3488 1852 3540 iure
1891 3488 2173 3554 pontificio
2215 3488 2385 3540 libros
2423 3488 2740 3541 adhibuisse
2777 3489 2893 3540 exi-

613 3572 800 3624 stimat
836 3569 950 3624 Leo
988 3574 1023 3624 l.
1060 3574 1097 3625 l.
1136 3591 1188 3641 p.
1227 3574 1295 3626 43
1333 3592 1412 3641 sq.
1451 3575 1802 3642 quaestiones
1838 3573 1922 3627 38.
1959 3572 2044 3626 40.
2082 3576 2166 3625 44.
2211 3573 2481 3627 109-113
2517 3575 2588 3627 ad
2624 3576 2891 3629 Varronis

613 3658 1002 3725 antiquitatum
1038 3676 1224 3712 rerum
1263 3661 1570 3713 divinarum
1623 3662 1717 3713 lib.
1758 3661 1814 3711 II
1851 3660 2033 3712 redire
2073 3661 2328 3727 opinatus
2367 3664 2451 3713 est
2488 3661 2552 3712 G.
2591 3661 2770 3728 Thilo,
2809 3664 2892 3715 De

613 3746 866 3798 Varrone
904 3748 1190 3799 Plutarchi
1228 3765 1278 3814 q.
1317 3765 1360 3799 r.
1400 3752 1623 3800 auctore
1660 3748 1965 3816 praecipuo
2005 3746 2159 3811 (diss.
2198 3749 2370 3800 Bonn.
2412 3747 2568 3815 1853)
2604 3767 2659 3817 p.
2697 3747 2782 3802 33.

818 3832 838 3865 ⁸
874 3834 911 3884 1.
948 3834 984 3883 l.
1022 3850 1077 3900 p.
1116 3832 1201 3899 25,
1239 3835 1310 3885 cf.
1348 3851 1403 3901 p.
1442 3836 1525 3886 44.

814 3918 838 3952 ⁴
876 3919 946 3970 cf.
986 3920 1160 3971 Barth
1198 3921 1234 3970 l.
1274 3921 1307 3971 l.
1348 3936 1402 3986 p.
1441 3918 1475 3970 ὃ
1512 3935 1629 3986 sqq.

694 4027 712 4044 s
818 4006 838 4039 ⁵
876 4007 1216 4072 comparatio
1255 4006 1457 4057 omissa
1495 4009 1578 4058 est
1614 4007 1671 4058 in
1711 4010 1921 4073 quaest.
1950 4007 2032 4060 50.
2065 4007 2176 4060 109.
2208 4007 2325 4070 110,
2359 4010 2503 4060 hanc
2539 4008 2799 4060 videlicet
2824 4007 2890 4058 ob

608 4104 847 4153 causam,
876 4091 1130 4156 quoniam
1152 4092 1188 4142 J
1191 4091 1330 4143 ubae
1361 4092 1550 4157 graeci
1578 4092 1717 4144 ritus
1743 4094 2115 4144 Romanorum
2142 4091 2349 4145 similes
2373 4110 2481 4146 non
2507 4094 2891 4161 suppetebant·

814 4177 836 4211 ⁶
874 4176 943 4227 cf.
984 4176 1161 4229 Barth
1196 4179 1231 4229 l.
1270 4180 1305 4230 l.
1344 4195 1397 4245 p.
1436 4178 1469 4230 9
1506 4195 1624 4246 sqq.

814 4264 831 4295 ⁷
872 4262 940 4313 cf.
981 4261 1049 4314 de
1098 4263 1235 4314 Iuba
1286 4264 1531 4330 Nicolai,
1587 4265 1732 4316 Hist.
1770 4266 1850 4315 lit.
1890 4282 1973 4331 gr.
2012 4265 2070 4316 ΙΙ
2106 4282 2159 4332 p.
2208 4263 2316 4330 185,
2356 4265 2423 4316 de
2460 4266 2624 4317 Ateio
2663 4266 2890 4331 Teuffel,

612 4349 756 4399 Hist.
784 4349 865 4400 lit.
895 4349 1071 4399 roms*
1107 4348 1135 4413 §
1173 4348 1292 4413 265,
1327 4350 1362 4402 3
1390 4367 1468 4416 sq.
1497 4367 1619 4402 cum
1656 4367 1834 4418 neque
1874 4351 1942 4402 de
1968 4351 2096 4402 Atei
2133 4352 2266 4403 iuris
2305 4352 2571 4419 pontificii
2607 4369 2785 4419 neque
2824 4352 2891 4403 de

616 4434 785 4485 Iubae
822 4435 1141 4501 ὁμοιοτήτων
1189 4434 1345 4486 libris
1384 4440 1617 4503 constet,
1656 4436 1876 4504 quando
1913 4436 2106 4503 scripti
2144 4437 2269 4504 sint,
2307 4438 2365 4491 id
2401 4438 2596 4489 saltem
2633 4454 2774 4491 nunc
2800 4454 2894 4490 ex-

604 4520 892 4595 ploratum
930 4525 1014 4573 est
1051 4520 1334 4590 Capitonis
1372 4522 1547 4574 libros
1586 4524 1799 4598 priores
1839 4523 2028 4580 fuisse.
