3407 5226
501 1171 579 1235 16

559 1607 617 1649 10

502 2000 578 2064 17

658 464 742 528 44

656 652 1018 738 nuptias
1065 654 1367 739 pertinet,
1415 653 1735 740 quibus
1782 653 2224 719 flaminem
2271 660 2351 718 et
2395 654 2930 719 flaminicam

658 758 800 821 iure
864 757 1188 841 pontificio
1256 758 1337 823 in
1400 757 2045 822 matrimonium
2111 779 2474 824 necesse
2542 762 2673 822 est
2739 775 2933 821 con-

658 860 981 924 venire.
1072 860 1270 925 Gaius
1335 860 1480 925 inst.
1545 860 1751 924 1112
1820 859 2234 926 flamines
2299 908 2314 925 .
2383 909 2399 925 .
2465 859 2772 925 Diales
2835 906 2850 921 .
2916 907 2931 922 .

664 983 761 1026 ne
849 963 1023 1047 ipsi
1110 962 1453 1046 quidem
1541 962 1732 1027 sine
1822 964 2549 1030 confarreatione
2642 981 2935 1026 sacer-

663 1064 988 1140 dotium
1056 1065 1380 1130 habere
1449 1073 1837 1150 possunt.
1907 1066 2134 1150 cs.fr.
2180 1066 2285 1133 40.

869 1168 1178 1252 Interpol.
1244 1168 1424 1234 Serv.
1469 1168 1635 1239 Aen.
1706 1167 1805 1232 IV
1848 1169 1976 1234 374
2043 1189 2199 1234 sane
2265 1169 2455 1234 etiam
2527 1171 2629 1234 hic
2697 1169 2936 1234 mentio

660 1271 1182 1338 caerimoniarum
1215 1270 1558 1337 inducitur:
1589 1293 1724 1339 mos
1757 1273 1924 1337 enim
1956 1271 2129 1357 apud
2158 1278 2409 1338 veteres
2440 1272 2561 1337 fuit
2590 1272 2621 1336 f
2633 1272 2711 1337 la
2730 1272 2938 1338 mini

660 1396 753 1439 ac
826 1374 1379 1457 flaminicae,
1475 1375 1663 1439 du'm
1736 1397 1886 1461 per
1960 1375 2781 1442 confarreationem
2853 1377 2935 1440 in

660 1479 1018 1562 nuptias
1130 1478 1761 1560 convenirent,
1874 1480 2150 1545 sellas
2259 1479 2468 1543 duas
2581 1479 2937 1563 iugatas

663 1581 932 1647 ovilla
1043 1581 1281 1667 pelle
1385 1581 2002 1666 superiniecta
2104 1583 2303 1667 poni
2411 1583 2600 1647 eius
2708 1584 2937 1663 ovis,

660 1706 877 1769 quae
982 1684 1282 1750 hostia
1388 1684 1753 1766 fuisset,
1852 1692 1924 1751 ut
2012 1685 2100 1750 ibi
2186 1686 2500 1751 nubentes
2606 1687 2938 1751 velatis

660 1788 1117 1872 capitibus
1196 1788 1260 1852 in
1337 1788 1848 1854 confarreatione
1938 1791 2168 1855 flamen
2245 1812 2322 1855 ac
2395 1791 2712 1855 flaminica
2784 1790 2939 1854 resi-

661 1890 910 1957 derent.

872 1994 1183 2080 Interpol.
1229 1995 1404 2060 Serv.
1449 1994 1612 2060 Aen.
1660 1994 1760 2059 IV
1792 1996 1918 2059 262
1966 1995 2221 2081 quidam
2266 1996 2696 2079 pontificalem
2745 1996 2935 2060 ritum

659 2175 1106 2232 confarreatione
1143 2177 1344 2229 Didoni
1385 2177 1715 2229 coniunctus
1752 2174 1970 2243 fuerat,
2023 2182 2080 2229 ut
2115 2178 2320 2230 flamini
2359 2195 2424 2230 ac
2463 2177 2770 2229 flaminicae
2808 2192 2937 2229 con-

660 2266 840 2317 venit:
890 2265 968 2314 ait
1022 2264 1163 2315 enim
1217 2267 1335 2315 ‘neo
1386 2263 1639 2328 coniugis
1677 2279 1931 2330 umquam
1971 2264 2256 2330 praetendi
2294 2263 2517 2324 taedas,
2559 2265 2667 2317 aut
2705 2264 2842 2314 haec
2880 2262 2935 2313 in

658 2348 888 2411 foedera
913 2349 1074 2402 veni'.
1128 2353 1182 2401 et
1219 2345 1445 2401 ‘taedas'
1482 2347 1700 2416 quidem
1742 2356 2008 2417 quantum
2048 2350 2118 2402 ad
2156 2351 2338 2417 ignem
2367 2350 2616 2416 pertinet,
2654 2364 2750 2416 per
2777 2365 2934 2416 quem

658 2453 775 2488 mos
813 2436 1279 2490 confarreationis
1316 2436 1662 2502 firmabatur,
1715 2437 1882 2491 dixit:
1929 2438 2141 2490 scilicet
2178 2454 2246 2490 ne
2283 2446 2376 2491 aut
2415 2437 2659 2504 legitime
2695 2437 2935 2502 iugatum

659 2531 857 2575 contra
893 2522 979 2575 fas
1016 2523 1306 2590 reliquisse
1343 2523 1644 2583 videretur,
1683 2529 1779 2576 aut
1817 2522 2045 2590 foedus,
2083 2525 2139 2576 id
2177 2529 2260 2577 est
2295 2525 2452 2576 fidem
2491 2522 2703 2589 rupisse
2742 2538 2937 2588 perpe-

660 2613 789 2661 tuae
825 2609 1200 2674 castimoniae,
1238 2609 1369 2676 qnia
1405 2626 1526 2662 cum
1564 2608 1800 2663 fuissent
1837 2610 2043 2677 iuncti,
2093 2610 2297 2665 scirent
2345 2609 2619 2663 tonuisse:
2671 2625 2814 2676 quae
2850 2624 2937 2660 res

659 2695 867 2747 dirimit
900 2694 1379 2749 confarreationes
1417 2713 1458 2748 e.
1494 2713 1544 2764 q.
1577 2713 1624 2750 s.

867 2781 935 2835 16
1006 2783 1272 2848 Interpol.
1311 2782 1464 2834 Serv.
1504 2784 1638 2835 Aen.
1675 2783 1755 2835 IV
1792 2781 1894 2835 374
1933 2798 2105 2835 sane
2142 2823 2155 2837 .
2194 2822 2207 2836 .
2245 2821 2258 2835 .
2296 2768 2744 2836 residerent:
2791 2782 2937 2850 quod

658 2868 747 2920 hic
775 2868 917 2919 Dido
955 2867 1216 2933 meminit,
1253 2883 1372 2920 cum
1414 2871 1662 2935 queritur
1693 2884 1753 2920 se
1779 2869 1849 2921 ab
1878 2871 2071 2921 Aenea
2106 2876 2300 2922 contra
2337 2870 2419 2922 ius
2456 2886 2631 2922 nexus
2670 2867 2937 2921 maritalis

659 2951 874 3016 deseri,
924 2953 1009 3006 his
1059 2952 1241 3006 verbis
1291 2953 1467 3017 ‘regni
1518 2951 1745 3005 demens
1782 2955 1839 3005 in
1878 2958 2038 3021 parte
2077 2955 2304 3006 locavi':
2361 2954 2578 3007 ‘locata’
2619 2952 2759 3005 enim
2803 2969 2939 3005 uxor

660 3041 876 3106 dicitur,
913 3038 1061 3108 quod
1099 3040 1258 3092 simul
1299 3055 1420 3092 cum
1459 3056 1524 3092 eo
1561 3038 1777 3105 sedeat,
1816 3037 1942 3091 dum
1982 3039 2378 3094 confarreatur.
2436 3040 2512 3105 cf.
2552 3041 2709 3093 Paul.
2747 3057 2799 3106 p.
2841 3036 2939 3091 114

659 3128 712 3179 in
741 3128 883 3195 pelle
909 3127 1098 3180 lanata
1124 3142 1269 3178 nova
1294 3129 1468 3193 nupta
1495 3124 1786 3178 considere
1812 3128 1970 3191 solet,
2008 3127 2098 3179 vel
2138 3130 2365 3193 propter
2400 3143 2604 3190 morem
2644 3128 2935 3190 vetustum,
3011 3125 3014 3130 ’

659 3210 789 3281 q‘uia
827 3212 1136 3280 antiquitus
1171 3212 1420 3264 homines
1456 3211 1691 3278 pellibus
1729 3216 1886 3264 erant
1925 3211 2117 3277 induti,
2153 3214 2241 3265 vel
2277 3214 2423 3280 quod
2452 3216 2689 3266 testetur
2713 3210 2940 3264 lanificii

659 3297 898 3352 officium
937 3313 998 3349 se
1036 3300 1439 3363 praestaturam
1476 3297 1610 3349 viro.

872 3383 933 3435 17
1004 3383 1270 3449 Interpol.
1308 3383 1458 3435 Serv.
1501 3387 1637 3436 Aen.
1676 3384 1755 3436 IV
1793 3382 1898 3437 262
1932 3384 1996 3435 de
2051 3384 2242 3436 laena:
2294 3383 2390 3435 alii
2440 3383 2695 3435 amictum
2747 3386 2939 3433 rotun-

661 3468 817 3520 dum:
870 3467 966 3520 alii
1017 3470 1201 3533 togam
1254 3468 1557 3535 duplicem,
1608 3470 1660 3521 in
1715 3486 1825 3537 qua
1880 3468 2127 3520 flamines
2164 3468 2477 3521 sacrificant
2513 3468 2783 3520 infibulati
2820 3506 2833 3519 .
2872 3505 2887 3519 .
2924 3505 2937 3519 .

664 3554 945 3622 quidam
1003 3550 1516 3619 pontificalem
1570 3593 1583 3606 .
1622 3593 1635 3606 .
1675 3590 1690 3605 .
1730 3553 2004 3606 debere.
2076 3553 2350 3619 secespita
2398 3557 2579 3604 autem
2628 3557 2713 3604 est
2765 3553 2941 3604 culter

663 3641 938 3706 oblongus
975 3636 1210 3704 ferreuS,
1251 3640 1538 3692 manubrio
1577 3641 1856 3705 eburneo,
1895 3637 2158 3698 rotundo,
2197 3640 2401 3701 solido,
2437 3640 2625 3689 vincto
2664 3635 2735 3690 ad
2773 3653 2940 3703 capu-

662 3728 771 3779 lum
813 3729 1047 3790 argento
1086 3741 1349 3794 auroque,
1386 3727 1494 3778 fixo
1531 3727 1701 3778 clavis
1739 3725 1944 3790 aeneis,
1982 3742 2091 3793 quo
2130 3725 2380 3778 flamines
2417 3723 2679 3787 (flamines
2706 3725 2941 3776 inseruit

663 3812 980 3875 Masvt‘cius‚
1015 3810 1091 3875 cf.
1118 3810 1269 3862 Fest.
1290 3828 1351 3878 p.
1376 3814 1481 3862 348
1521 3812 1677 3864 Paul.
1705 3828 1758 3876 p.
1787 3808 1938 3876 349),
1976 3809 2303 3871 flaminicae,
2347 3808 2591 3874 virgines
2629 3807 2941 3873 pontifices-

646 3912 769 3964 ·que
795 3896 866 3947 ad
895 3895 1163 3947 sacrificia
1195 3898 1441 3957 utuntur,
1479 3910 1656 3963 eaque
1693 3897 1799 3947 iam
1839 3910 2000 3947 sacra
2037 3899 2135 3946 est.
2191 3894 2511 3960 appellatur
2548 3897 2728 3945 autem
2767 3906 2941 3943 seces-

664 3982 783 4048 pita
834 3998 868 4033 a
917 3979 1177 4033 secando.
1250 3982 1336 4033 hic
1385 3996 1520 4047 ergo
1558 3980 1842 4047 Vergilius
1891 3979 1945 4031 in
1986 3983 2203 4044 Aenea,
2259 3993 2419 4046 quem
2470 3983 2741 4030 sacratum
2779 3976 2943 4029 intel-

870 4118 894 4154 ²
931 4119 1231 4171 convenire
1288 4133 1515 4170 necesse
1573 4121 1657 4169 est
1694 4118 1930 4171 Ambros
2074 4120 2095 4155 ⁸
2143 4116 2533 4169 ferreationem
2568 4115 2624 4166 F
2659 4077 2943 4168 conroga-

664 4206 870 4258 tionem
910 4204 960 4255 T
999 4204 1080 4266 (re
1121 4206 1513 4272 superscripsit
1547 4202 1666 4256 αῑίὰ
1700 4204 1873 4269 man.)
1910 4202 2302 4256 farreationem
2339 4202 2569 4255 Ambros
2641 4201 2663 4237 ⁹
2701 4199 2946 4252 ouillaF

667 4292 836 4343 onina
881 4289 931 4340 T
963 4290 1098 4341 ouili
1136 4290 1368 4343 Ambros
1474 4292 1631 4389 ¹¹”ut
1668 4285 1772 4356 ibi]
1829 4295 1887 4343 ut
1934 4290 2094 4343 Thilo
2142 4295 2196 4342 et
2229 4290 2364 4343 codd
2399 4287 2475 4339 ibi
2514 4325 2528 4340 .
2566 4326 2579 4339 .
2618 4325 2631 4338 .
2670 4286 2944 4339 flaminica

669 4417 754 4454 om
804 4401 1034 4454 Ambros
1197 4401 1244 4439 1²
1296 4399 1789 4472 quonfarreatione
1869 4402 1927 4454 F
2012 4400 2421 4456 conferratione
2508 4399 2559 4452 T
2693 4395 2941 4452 siderent

667 4487 900 4544 Ambros
