3407 5226
2728 461 2805 523 77

544 644 1002 733 ἕξεπίτηὸὲς
1049 645 1456 730 γεγονέναι
1502 645 1644 728 τήν
1689 645 2168 732 ἀπάντησιν.
2230 647 2261 713 ὁ
2312 648 2394 714 δὲ
2437 648 2811 715 ὑπελθών

545 750 1085 834 κομιζομένων
1126 750 1272 816 ὑπὸ
1319 749 1405 816 τό
1451 760 1787 839 φορεῖον
1831 750 2354 838 ἀποθνήσκει.

750 857 923 923 Fest.
983 878 1042 942 p.
1100 857 1226 921 339
1307 858 1540 921 senis
1626 858 2028 921 crinibus
2112 856 2423 923 nubentes
2488 864 2811 937 ornantur,

550 961 715 1046 quod
761 961 814 1024 is
864 967 1124 1025 ornatus
1169 961 1632 1025 vetustissimus
1679 961 1818 1025 fuit.
1871 960 2151 1045 quidam,
2197 961 2363 1046 quod
2408 982 2482 1027 eo
2516 960 2811 1027 Vesta-

543 1065 672 1128 les
717 1064 1113 1148 virgines
1161 1070 1601 1128 ornentur.

750 1168 824 1232 de
868 1167 1186 1251 secespita,
1231 1188 1356 1252 qua
1399 1169 1679 1253 virqines
1735 1166 2011 1233 Vestales
2056 1169 2413 1251 utebantur,
2461 1168 2549 1253 ef.
2565 1168 2671 1253 fr.
2712 1167 2810 1235 51.

751 1271 923 1337 Fest.
992 1293 1055 1356 p.
1126 1273 1250 1335 348
1319 1271 1911 1355 [sufinbulum
1984 1279 2115 1339 est
2189 1274 2812 1339 vestimentum

545 1374 858 1457 al[bum
919 1381 1478 1461 praetextum
1536 1375 2260 1461 qua]drangulum
2325 1377 2812 1461 oblongum,

545 1478 761 1564 quod
822 1480 907 1544 in
967 1477 1291 1565 ca[pite
1355 1481 1748 1565 virgines
1788 1479 2249 1563 Ve]stales‚
2296 1502 2476 1546 cum
2537 1481 2810 1545 sacri-

544 1584 872 1666 ficant,
939 1605 1277 1669 semper
1351 1582 1699 1666 [habere
1775 1583 2113 1669 solent]‚
2180 1584 2441 1670 idque
2514 1584 2807 1650 fibula

545 1688 1321 1772 conprehenditur.
1385 1714 1389 1718 ·

749 1790 935 1857 Paul.
1005 1813 1068 1877 p.
1137 1795 1177 1856 4
1239 1793 1556 1856 armita
1616 1791 1944 1857 dicebatur
2006 1795 2187 1877 virgo
2249 1795 2645 1876 sacrificans,
2710 1795 2810 1858 cui

546 1893 773 1957 lacinia
816 1899 1010 1978 togae
1054 1895 1119 1958 in
1164 1895 1501 1960 humerum
1547 1901 1682 1959 erat
1727 1897 1980 1963 reiecta.

747 1996 1021 2082 Appian.
1068 1999 1131 2063 b.
1176 2020 1230 2064 c.
1276 1999 1308 2061 I
1357 2002 1440 2063 54
1499 2000 1574 2063 de
1616 1999 1955 2064 Asellionis
2024 2001 2235 2066 caede:
2314 2002 2526 2065 πολλοί
2565 2028 2633 2067 τε
2680 2009 2806 2067 τῶν

543 2100 889 2165 διωκόντων
919 2102 1003 2177 εἰς
1035 2098 1142 2178 τιῖς
1171 2101 1523 2185 παρθένους
1552 2102 1742 2166 αὒτόν
1789 2102 2108 2192 ἡγούμενοι
2155 2111 2521 2188 καταφυγεῖν
2565 2103 2808 2189 ἐσέδρα-

541 2228 704 2283 μον,
751 2203 953 2268 ἔνθα
996 2204 1103 2288 μή
1150 2204 1400 2286 θέμις
1443 2201 1538 2286 ἧυ
1583 2204 2004 2290 ἀνδράσιν.

747 2307 1005 2393 Dionys.
1047 2308 1256 2375 Halic.
1304 2310 1372 2373 II
1419 2311 1497 2373 67
1549 2310 1623 2373 de
1689 2310 2047 2394 viryinibus
2100 2309 2491 2376 Vestalibus:
2539 2362 2552 2376 .
2604 2364 2618 2378 .
2668 2365 2682 2378 .
2748 2316 2812 2390 ἓξ

747 2515 814 2568 72
882 2517 1031 2568 Fest.
1087 2533 1139 2584 p.
1189 2514 1292 2569 339
1346 2514 1541 2567 senis
1595 2554 1609 2567 .
1651 2554 1662 2566 .
1700 2553 1713 2566 .
1771 2518 2149 2582 ornentur,
2211 2532 2439 2583 quarum
2498 2521 2810 2574 castitatem

540 2604 674 2656 viris
712 2604 823 2656 suis
861 2601 1196 2671 sponde[ant
1231 2600 1459 2670 nuptae]
1499 2599 1601 2665 (ita
1641 2601 1888 2668 Mueller,
1947 2618 2156 2671 sponoe
2198 2634 2224 2661 ‚r-
2255 2633 2281 2660 ι
2314 2633 2339 2660 ο
2370 2606 2450 2672 F,
2501 2607 2809 2675 spondeant

539 2706 664 2742 corr
701 2691 768 2743 Α.
804 2692 941 2756 Any.
979 2695 1040 2762 in·
1076 2706 1180 2755 my.
1231 2690 1379 2754 Urs.)
1417 2706 1451 2742 a
1485 2690 1700 2742 ceteriS.

751 2778 816 2829 74
886 2778 1043 2830 Paul.
1069 2794 1122 2846 p.
1148 2776 1252 2830 349
1295 2776 1606 2828 suffibulum
1651 2776 2035 2830 vestimentum
2073 2779 2254 2831 album
2291 2784 2637 2847 praetextum
2675 2797 2808 2848 qua-

543 2863 870 2932 drangulum
917 2864 1242 2931 oblongum,
1292 2861 1437 2930 quod
1484 2863 1540 2915 in
1588 2864 1775 2931 capite
1823 2863 2081 2916 Vestales
2133 2866 2378 2934 virgines
2432 2867 2805 2920 sacrificantes

542 2952 836 3016 habebant,
872 2950 1037 3018 idque
1072 2950 1239 3003 fibula
1273 2949 1860 3016 comprehendebatur.
1898 2952 1971 3002 cf.
1995 2951 2177 3005 Varro
2209 2954 2245 3004 1.
2274 2954 2310 3004 l.
2337 2953 2416 3005 VI
2450 2952 2516 3007 21
2555 2953 2806 3021 Opecon-

542 3039 682 3090 sivia
719 3038 836 3090 dies
864 3039 940 3091 ,ab
980 3037 1085 3090 dea
1122 3036 1242 3104 Ope
1281 3035 1517 3089 Consiva
1555 3034 1803 3103 (scripsi,
1847 3036 2196 3105 Opeconsiva
2232 3078 2245 3091 .
2287 3078 2300 3091 .
2339 3078 2353 3092 .
2392 3038 2513 3107 Ope
2550 3038 2807 3092 Consivia

539 3126 648 3175 cod.
686 3126 944 3189 Florem„
983 3123 1124 3188 edd.)
1143 3162 1158 3189 ‚
1213 3123 1363 3176 cuius
1399 3123 1456 3175 in
1495 3122 1653 3190 regia
1689 3124 2024 3191 sacrarium,
2061 3125 2206 3192 quod
2242 3126 2321 3178 ita
2357 3124 2665 3179 dedicatum
2702 3125 2806 3189 (ita

545 3210 967 3275 Reifferscheid,
1016 3209 1090 3272 cf.
1129 3210 1485 3275 Marquardt,
1540 3209 1723 3261 Roem.
1784 3210 2132 3263 Staatsverw.
2172 3209 2321 3261 1112
2353 3229 2407 3279 p.
2443 3214 2547 3265 212
2585 3214 2714 3264 adn.
2757 3216 2805 3275 1,

537 3298 630 3349 ubi
674 3314 779 3348 non
831 3304 968 3347 recte
1015 3300 1131 3348 eius
1177 3299 1481 3347 coniectura
1530 3296 1777 3359 refertur
1823 3295 1949 3348 ideo
1998 3299 2178 3349 actum
2228 3298 2337 3349 cod.
2376 3296 2587 3362 Flor.)‚
2635 3302 2695 3350 ut
2737 3314 2803 3351 eo

538 3388 762 3451 praeter
815 3383 1056 3450 virgines
1093 3382 1351 3457 ‚Vestales
1402 3386 1457 3434 et
1506 3381 1850 3434 sacerdotem
1893 3383 2170 3450 publicum
2219 3384 2461 3437 introeat
2507 3402 2697 3452 nem03
2742 3383 2803 3437 ‘is

541 3485 661 3521 cum
699 3474 789 3522 eat
825 3468 1087 3531 (introeat
1122 3470 1345 3535 Bergk),
1384 3468 1693 3521 suffibulum
1730 3470 1866 3521 haut
1913 3469 2133 3521 habeat'
2172 3471 2450 3538 scriptum.

745 3556 812 3609 75
879 3556 1037 3609 Paul.
1074 3573 1126 3623 p.
1166 3556 1197 3606 4
1237 3556 1496 3608 armita
1533 3591 1547 3605 .
1588 3594 1601 3607 .
1639 3594 1651 3607 .
1690 3556 1986 3608 reiecta.
2080 3556 2295 3623 legibus
2346 3559 2511 3610 etiam
2559 3556 2803 3612 Lauren-

539 3647 650 3693 tum
689 3646 933 3694 sanctum
970 3647 1079 3704 est,
1116 3659 1184 3694 ne
1223 3658 1442 3710 pomum
1479 3658 1547 3693 ex
1583 3642 1765 3693 alieno
1803 3643 2020 3709 legatur
2054 3642 2111 3694 in
2148 3659 2381 3710 armum,
2417 3644 2474 3696 id
2510 3650 2619 3713 est,
2657 3648 2802 3715 quod

539 3730 753 3781 humeri
789 3745 924 3782 onus
961 3731 1049 3782 sit.
1976 3791 1981 3796 „

744 3814 812 3867 76
881 3816 1119 3884 Appian.
1158 3816 1209 3868 b.
1248 3832 1293 3867 c.
1331 3815 1359 3865 Ῑ
1395 3815 1462 3868 54
1499 3815 1528 3867 3
1564 3813 1659 3881 (sc.
1698 3812 1931 3880 Asellio)
1963 3819 2058 3881 μὲν
2092 3820 2216 3869 ἔθυε
2251 3826 2357 3879 τοῖς
2390 3823 2713 3887 Διοσκούροις
2750 3822 2802 3873 ἓν

537 3899 712 3971 ἆγορᾷ,
754 3908 850 3954 τοῦ
885 3907 1109 3967 πλήθους
1145 3899 1208 3961 οἷς
1245 3903 1327 3953 ἔπὶ
1365 3908 1520 3970 θυσίᾳ
1557 3896 1897 3968 περιστάντος.
1969 3898 2071 3960 ἕνός
2106 3901 2160 3952 δὲ
2200 3907 2351 3956 λίθου
2385 3902 2446 3956 τό
2484 3907 2688 3975 πρῶτον
2723 3906 2802 3959 ἔπ’

539 3987 691 4041 αὖτόν
726 3985 1005 4052 οἶφεθέντος
1040 3977 1209 4057 ἕρριψέ
1242 3986 1334 4053 τήν
1372 3988 1544 4052 φιάλην
1579 3994 1662 4039 καὶ
1699 3988 1744 4047 ἒς
1780 3983 1839 4038 ‘td
1877 3987 1961 4051 τῆς
1994 3984 2182 4047 Ἑστίας
2217 3987 2347 4058 ἱερόν
2378 3993 2489 4043 ‘ln-o
2525 3991 2710 4062 δρόμῳ.
2741 3998 2805 4045 οἳ

536 4078 594 4126 δὲ
629 4073 787 4127 αὖτὸν
823 4080 1156 4141 προλαβόντες
1189 4098 1246 4127 τε
1279 4074 1575 4128 ἐπέκλεισαν
1609 4071 1717 4126 elmi
1773 4074 1869 4126 τοῦ
1912 4075 2072 4142 ἶεροῦ,
2120 4081 2202 4127 καὶ
2249 4077 2608 4147 καταφυγόντα
2655 4084 2703 4138 ἴς
2750 4102 2800 4131 τι

537 4164 838 4215 πανδοκεῖον
873 4167 1104 4228 ἔσφαξαν.
1149 4168 1390 4215 πολλοί
1418 4184 1485 4214 τε
1521 4200 1534 4213 .
1573 4200 1586 4213 .
1627 4200 1639 4212 .
1675 4157 1888 4227 ανδρα
1902 4184 2014 4214 σιν

743 4248 810 4300 77
880 4247 1106 4315 Dionys.
1145 4246 1324 4299 Halic.
1361 4246 1418 4297 H
1454 4244 1520 4298 67
1558 4248 1611 4299 αἶ
1645 4248 1705 4297 δὲ·
1742 4245 2040 4314 &sednovoer
2043 4273 2058 4299 ι
2103 4244 2193 4313 τῆν
2243 4246 2366 4301 θεον
2401 4256 2643 4317 παρθένοι
2677 4256 2799 4301 τέτ-

539 4358 675 4403 ταρες
707 4339 803 4403 μὲν
836 4334 960 4400 ἦσαν
994 4332 1108 4386 κατ’
1142 4358 1294 4404 αρχας
1329 4334 1405 4385 τῶ
1406 4357 1434 4384 ν
1467 4341 1583 4398 βασι
1587 4338 1710 4385 λέων
1744 4329 1898 4392 αὐτας
1934 4335 2286 4404 αιρουμίνων
2264 4334 2344 4401 εφ’
2366 4330 2436 4394 οἷς
2459 4340 2799 4404 κατεστήσατο

742 4513 767 4548 ⁴
801 4513 847 4565 is
883 4528 1007 4565 corr
1055 4512 1176 4565 Urs.
1216 4513 1302 4565 his
1342 4512 1396 4564 F
1535 4511 1579 4547 ¹2
1617 4511 1816 4564 armita
1852 4510 1977 4562 boni
2011 4511 2141 4563 codd
2177 4514 2389 4564 armata
2424 4528 2490 4577 vy

2894 859 2973 921 72

2896 1171 2974 1233 73

2895 1274 2975 1337 74

2856 1600 2910 1644 10

2892 1794 2971 1856 75

2890 2004 2969 2067 76

2856 2120 2909 2163 15

2892 2333 2968 2396 77
