3407 5226
756 465 835 536 16

754 658 1108 730 testimonio
1171 655 1432 725 scimus:
1493 650 1683 724 verba
1727 649 1817 721 M.
1871 651 2188 721 Varronis
2231 652 2308 721 ex
2355 651 2624 723 secundo
2669 677 2882 724 rerum
2927 656 3019 724 di·

750 771 1050 833 vincarum
1093 788 1284 851 super
1316 767 1583 848 flamine
1628 766 1819 830 Diali
1862 766 2013 830 haec
2057 773 2207 830 sunt
2251 767 2319 829 ‘is
2364 767 2535 830 solus
2591 766 2801 830 album
2844 767 3023 830 habet

749 873 1060 956 ymerum,
1106 873 1200 934 vel
1244 871 1411 955 quod
1453 873 1768 935 maximus
1814 876 1904 934 est
1947 872 2039 934 vel
2081 870 2247 955 quod
2292 869 2434 934 Iovi
2460 871 2789 935 immolata
2818 870 3024 934 hostia

753 975 899 1040 alba
932 977 1084 1058 fieri
1132 974 1426 1058 oporteat‘
1471 972 1582 1056 (fr.
1613 972 1744 1057 19).
1806 974 1955 1038 inde
2002 974 2273 1037 efficitur
2298 973 2653 1038 Varronem
2698 976 2763 1039 in
2807 995 3023 1040 rerum

753 1078 1108 1144 divinarum
1153 1078 1314 1142 libro
1363 1078 1663 1158 secundo,
1712 1097 1899 1162 quem
1947 1078 2347 1160 Augustinus
2392 1078 2473 1144 de
2519 1100 2573 1143 c.
2621 1077 2681 1143 d.
2715 1076 2812 1140 VI
2857 1080 2895 1141 3
2943 1077 3025 1141 de

751 1181 1159 1266 pontificibus
1204 1182 1400 1248 fuisse
1447 1181 1745 1262 affirmat,
1792 1183 1983 1245 etiam
2028 1182 2344 1245 flaminem
2377 1182 2627 1246 Dialem
2659 1178 3027 1265 amplexum

753 1286 969 1366 esse¹,
1031 1291 1104 1348 ut
1163 1285 1385 1349 merito
1444 1284 1652 1349 eidem
1699 1283 1857 1349 libro
1902 1284 2389 1349 adiudicandum
2452 1287 2535 1349 sit
2578 1283 2886 1348 Varronis
2947 1284 3028 1348 de

754 1409 875 1452 usu
922 1387 1216 1455 fabarum
1261 1389 1501 1452 flamini
1547 1387 1721 1451 Diali
1763 1387 2103 1453 interdicto
2149 1388 2577 1471 fragmentum
2625 1408 2663 1450 a
2706 1388 2915 1453 Plinio
2961 1410 3025 1453 n.

755 1491 817 1556 h.
864 1491 1103 1555 XVIII
1156 1495 1272 1556 119
1319 1499 1649 1556 servatum
1694 1490 1803 1575 (fr.
1853 1494 1935 1555 24
1978 1491 2079 1574 k).
2170 1492 2398 1574 quibus
2445 1493 2731 1574 tertium,
2779 1492 2829 1555 si
2877 1493 3025 1576 quid

751 1594 979 1674 vide0,
1037 1595 1319 1679 accedit,
1367 1596 1537 1681 quod
1584 1596 1833 1660 Plinius
1878 1617 1937 1659 n.
1985 1597 2047 1661 h.
2094 1595 2398 1659 XXVIII
2449 1597 2570 1659 146
2632 1597 2873 1659 flamini
2935 1597 3025 1658 ait

751 1716 988 1782 equum
1047 1721 1175 1764 non
1234 1700 1431 1765 licere
1491 1706 1783 1783 tangere.
1878 1719 2259 1784 quamquam
2323 1701 2490 1763 enim
2551 1719 2633 1762 ex
2691 1706 3022 1763 auctorum

754 1799 961 1864 indice
993 1801 1164 1865 haud
1195 1804 1575 1887 perspicitur
1601 1803 1881 1866 Plinium
1910 1804 2193 1867 hocloco
2221 1801 2574 1867 Varronem
2607 1800 3023 1882 adhibuisse2,

754 1910 972 1967 tamen
1018 1913 1283 1988 propter
1327 1906 1599 1971 alterum
1648 1908 1900 1989 locum,
1960 1927 2086 1990 quo
2133 1906 2439 1970 Varronis
2486 1927 2717 1969 nomen
2764 1903 3026 1985 addidit,

755 2007 949 2072 etiam
998 2009 1101 2072 hic
1144 2008 1563 2094 probabiliter
1608 2009 1919 2073 Varronis
1981 2031 2133 2073 usus
2197 2009 2712 2094 deprehenditur.
2801 2009 2929 2071 iam
2974 2007 3029 2069 si

757 2131 855 2192 ea,
902 2131 1068 2194 quae
1098 2112 1308 2177 Varro
1341 2112 1545 2176 tribus
1576 2111 1670 2175 his
1706 2111 2078 2195 fragmentis
2124 2111 2205 2175 de
2247 2112 2505 2175 flamine
2553 2109 2837 2196 protulit,
2885 2129 3028 2171 cum

758 2213 1031 2278 Pictoris
1094 2214 1456 2303 fragmento
1521 2236 2000 2300 comparamus,
2069 2214 2397 2279 evidenter
2441 2215 2605 2278 inter
2649 2236 2719 2277 se
2766 2233 3027 2276 consen-

758 2317 924 2379 tiunt
967 2318 1031 2380 in
1075 2315 1152 2381 fr.
1202 2320 1283 2381 24
1332 2340 1368 2381 a
1417 2325 1482 2382 et
1528 2319 1603 2380 k:
1664 2319 1745 2381 de
1790 2318 2160 2402 albogalero
2206 2318 2377 2401 apud
2423 2317 2695 2381 Fabium
2740 2316 2895 2379 nihil
2938 2316 3028 2378 le-

758 2421 987 2502 gimus.
1078 2428 1144 2483 at
1189 2421 1267 2484 de
1317 2423 1440 2485 hoc
1484 2420 1899 2486 Varronianis
1963 2421 2306 2485 admodum
2351 2422 2578 2484 similia
2620 2421 3030 2484 inveniuntur

759 2523 930 2607 apud
975 2524 1161 2588 Paul.
1206 2546 1269 2609 p.
1307 2526 1386 2587 10
1425 2548 1473 2589 0.
1507 2548 1568 2591 1.
1615 2521 2051 2607 ‘albogalerus'
2098 2524 2205 2607 (fr.
2248 2523 2393 2607 19);
2438 2525 2655 2608 itaque
2704 2522 2785 2586 de
2831 2520 3027 2585 Festo

757 2628 1023 2710 ,eiusque
1089 2629 1511 2711 epitomatore
1577 2630 1786 2693 Paulo
1856 2650 2117 2693 necesse
2185 2636 2285 2693 est
2352 2628 2684 2713 anquirere
2708 2624 2754 2691 3.
2794 2704 2811 2716 ,
2855 2624 3029 2690 Festi

963 2874 984 2907 1
1021 2870 1294 2924 flaminem
1329 2870 1546 2923 Dialem
1582 2871 1641 2922 in
1677 2871 1913 2939 collegio
1949 2872 2267 2939 pontificum
2302 2871 2473 2923 fuisse
2511 2887 2566 2937 p.
2609 2868 2674 2923 12
2710 2870 2841 2922 dixi.

967 2958 990 2993 ²
1026 2957 1097 3010 cf.
1148 2956 1336 3009 Brunn
1356 2996 1370 3025 ,
1423 2957 1507 3009 De
1563 2962 1846 3010 auctorum
1900 2958 2170 3010 indicibus
2222 2958 2492 3009 Plinianis
2548 2957 2677 3009 diss.
2727 2955 3032 3024 isagogica,

762 3062 816 3113 p.
853 3044 938 3099 36.
3013 3055 3014 3058 ’

756 3197 758 3201 λ
968 3130 989 3164 ⁸
1026 3147 1148 3182 cum
1204 3131 1263 3182 in
1322 3130 1696 3182 describendis
1769 3130 2047 3182 flaminum
2106 3133 2163 3181 et
2220 3130 2615 3182 flaminicarum
2683 3127 3031 3181 caerimoniis

763 3216 1061 3284 scriptores
1119 3216 1278 3268 modo
1333 3219 1591 3268 accurate
1651 3216 1885 3268 flaminis
1944 3216 2324 3283 flaminicaque
2379 3216 2555 3269 Dialis
2617 3220 3030 3283 ceterorumque

761 3302 1037 3353 flaminum
1085 3302 1306 3354 nomina
1351 3305 1588 3368 ponant,
1634 3301 1796 3353 modo
1847 3302 1991 3354 nude
2028 3301 2097 3354 de
2132 3302 2350 3354 flamine
2387 3302 2799 3369 flaminicaeque
2836 3303 2926 3355 vel
2963 3302 3031 3353 de

761 3388 1068 3439 flaminibus
1103 3388 1497 3456 flaminicisque
1536 3388 1848 3454 loquantur,
1896 3389 2183 3456 praeviam
2220 3391 2325 3440 hoc
2360 3388 2483 3440 loco
2520 3387 2588 3439 de
2624 3390 2730 3442 hac
2766 3407 2827 3442 re
2865 3390 3033 3442 adno-

761 3474 1055 3539 tationem,
1106 3490 1247 3541 quae
1298 3474 1355 3525 in
1404 3477 1576 3526 totam
1626 3472 1694 3524 de
1740 3474 1994 3526 flaminiis
2033 3474 2379 3526 caerimoniis
2417 3476 2795 3542 quaestionem
2830 3479 3031 3544 valeat,

761 3559 1050 3611 absolvere
1105 3561 1307 3627 placet.
1380 3561 1613 3614 flaminis
1668 3561 1883 3612 nomine
1926 3577 2027 3628 per
2064 3576 2123 3612 se
2160 3565 2583 3613 commemorato
2620 3561 2796 3614 Dialis
2832 3563 3033 3630 ubique

761 3644 1116 3712 designatur,
1172 3647 1346 3698 veluti
1397 3648 1539 3699 Plin.
1578 3664 1633 3700 11.
1670 3650 1726 3700 11.
1764 3646 2012 3699 XXVIII
2053 3646 2151 3699 146
2205 3645 2293 3710 (fr.
2331 3645 2399 3698 24
2436 3648 2521 3713 0);
2575 3647 2840 3715 Interpol.
2882 3649 3031 3701 Serv.

760 3731 897 3782 Aen.
934 3731 1021 3782 III
1056 3729 1158 3783 607
1196 3731 1290 3796 (fr.
1324 3732 1393 3785 24
1427 3733 1520 3799 11);
1573 3734 1717 3785 Ρ1111.
1755 3750 1805 3784 11.
1842 3734 1895 3784 11.
1934 3732 2127 3784 XVIII
2170 3732 2265 3784 119
2302 3731 2391 3795 (fr.
2429 3734 2495 3786 24
2531 3734 2628 3800 k);
2682 3734 2838 3787 Paul.
2877 3752 2931 3802 p.
2968 3734 3036 3787 93

760 3832 805 3868 0.
842 3834 893 3869 1.
931 3814 1205 3870 ‘funebres
1261 3814 1447 3870 tibiae'
1501 3817 1591 3881 (fr.
1629 3817 1694 3869 24
1734 3817 1821 3883 1);
1875 3818 2139 3885 Interpol.
2178 3817 2329 3869 Serv.
2368 3819 2505 3871 Aen.
2562 3819 2590 3869 I
2642 3818 2745 3873 305
2799 3819 2889 3883 (fr.
2926 3818 3035 3885 36),

759 3901 843 3952 XI
879 3902 947 3955 76
982 3902 1072 3967 (fr.
1109 3902 1217 3969 38).
1291 3920 1361 3955 ex
1407 3904 1476 3955 iis
1530 3904 1666 3955 locis
1685 3942 1699 3969 ,
1748 3903 1944 3970 quibus
1995 3901 2271 3956 ‘flamines’
2322 3906 2702 3971 appellantur,
2737 3922 2902 3958 unum
2939 3905 3031 3971 qui

764 3990 849 4040 est
898 3986 1044 4053 apud
1094 3987 1361 4056 Interpol.
1400 3988 1555 4041 Serv.
1592 3990 1731 4040 Aen.
1767 3989 1795 4039 I
1839 3988 1934 4040 179
1969 3989 2109 4040 Fabi
2144 3990 2457 4055 fragmento
2511 3989 2917 4043 demonstratur
2966 3990 3038 4042 ad
3077 3978 3084 3985 ’

760 4073 1035 4125 flaminem
1084 4074 1303 4126 Dialem
1350 4075 1633 4141 pertinere
1672 4073 1763 4138 (fr.
1800 4073 1866 4124 24
1905 4075 1981 4140 q),
2018 4075 2189 4127 ceteri
2226 4074 2298 4128 ad
2334 4079 2446 4127 tres
2502 4076 2748 4128 flamines
2798 4077 3035 4129 maiores

761 4160 880 4211 iure
916 4163 1148 4226 possunt
1181 4160 1400 4226 referri,
1439 4176 1559 4212 cum
1587 4160 1655 4211 de
1683 4160 2047 4227 caerimoniis,
2085 4177 2220 4227 quas
2246 4162 2451 4213 flamini
2477 4162 2626 4214 Diali
2650 4180 2772 4214 cum
2794 4163 3037 4215 Martiali

761 4247 818 4295 et
853 4244 1124 4306 Quirinali
1176 4262 1488 4298 communes
1546 4247 1719 4298 fuisse
1776 4246 2071 4298 verisimile
2128 4251 2242 4312 est,
2296 4251 2495 4314 agant:
2535 4247 2687 4301 Serv.
2725 4250 2862 4301 Aen.
2900 4249 3037 4302 VIII

757 4329 897 4397 664,
942 4330 1209 4398 Interpol.
1249 4331 1401 4383 8011.
1439 4334 1578 4385 Aen.
1615 4332 1671 4383 X
1706 4332 1838 4399 270,
1889 4333 2047 4385 Paul.
2084 4350 2139 4400 p.
2177 4332 2247 4386 23
2282 4350 2325 4385 0.
2361 4350 2412 4385 1.
2450 4330 2754 4401 ‘apiculum'
2791 4334 2880 4398 (fr.
2917 4333 3036 4400 2Ο);

766 4417 916 4469 Fest.
967 4434 1020 4483 p.
1069 4417 1172 4470 355
1222 4434 1264 4470 s.
1303 4435 1354 4471 1.
1406 4415 1669 4471 ‘tutulum’
1724 4418 1813 4482 (fr.
1851 4418 1973 4486 22);
2025 4420 2183 4471 Paul.
2234 4436 2289 4487 p.
2311 4418 2396 4471 64
2431 4436 2472 4472 s.
2510 4438 2559 4473 1.
2611 4418 3034 4474 ‘commetacula'

765 4500 859 4568 (fr.
881 4502 997 4568 2603
1032 4503 1190 4556 Paul.
1223 4520 1280 4570 p.
1310 4502 1410 4555 113
1432 4519 1479 4556 0.
1506 4522 1555 4557 1.
1584 4504 1901 4571 ‘infibulati’,
1929 4505 2202 4573 Interpol.
2231 4504 2384 4559 8011.
2409 4506 2545 4558 Aen.
2568 4506 2650 4558 IV
2672 4506 2776 4559 262
2802 4505 2891 4571 (fr.
2916 4505 3036 4574 27);
