3407 5226
617 489 707 551 54·

617 696 826 756 cum,
892 675 974 737 in
1037 692 1198 755 quo
1245 671 1588 734 bustum
1633 674 1786 747 est,
1850 690 2296 754 numquam
2357 670 2889 754 ingreditur,

616 782 1044 849 mortuum
1110 795 1563 860 numquam
1624 774 2051 858 attingit3
2108 773 2369 841 funus
2415 779 2697 840 tamen
2743 795 2887 840 ex·

617 881 872 967 sequi
937 900 1103 945 non
1172 887 1303 943 est
1368 877 1722 962 religio.

1572 980 1606 1015 ἡ
1901 979 1934 1014 ³1⁶

453 1109 493 1149 v
826 1088 1009 1153 Paul.
1056 1108 1116 1173 p.
1165 1090 1250 1151 93
1296 1027 2060 1152 funebrestibiae
2107 1062 2423 1168 dicuntur,
2470 1108 2610 1151 cum
2659 1087 2888 1172 quibus

547 1213 574 1255 5
618 1196 683 1259 in
747 1193 974 1257 funere
1038 1192 1322 1271 canitur,
1388 1211 1546 1275 quas
1616 1189 1968 1254 flamini
2030 1189 2337 1254 audire
2401 1191 2887 1276 putabatur

615 1297 1063 1362 illicitum.

452 1398 534 1462 25
824 1398 1128 1482 Interpol.
1179 1397 1361 1463 Serv.
1409 1396 1573 1463 Aen.
1620 1397 1655 1461 I
1706 1400 1827 1462 706
1890 1397 2236 1461 flamini
2293 1397 2534 1461 Diali
2594 1419 2885 1463 mensa

616 1503 906 1577 inanis
974 1524 1134 1567 non
1203 1500 1945 1584 anteponebatur.

453 1605 536 1668 26
821 1602 1091 1688 Paul..p
1119 1604 1873 1669 64commetacula
1917 1606 2410 1688 virgae,quas
2471 1604 2883 1670 flamines

516 1730 572 1772 10
617 1712 978 1792 portant
1083 1715 1566 1791 pergentes
1653 1708 1754 1771 ad
1843 1707 2447 1790 sacrificium
2528 1716 2601 1773 ut
2688 1730 2727 1772 a
2813 1731 2884 1774 se

616 1810 904 1876 homines
949 1817 1338 1876 amoverent.
1396 1894 1399 1897 Ι

451 1915 533 1980 27
823 1915 1006 1980 Paul.
1074 1936 1137 2000 p.
1210 1916 1331 1979 113
1408 1913 1884 1978 infibulati
1974 1915 2638 1997 sacrificabant·
2719 1916 2885 1981 fla-

615 2021 888 2085 mines
942 2026 1204 2104 propter
1235 2039 1417 2083 usum
1451 2019 1615 2082 aeris
1647 2018 2154 2102 antiquissimum
2202 2018 2489 2083 aereis
2547 2019 2883 2084 fibulis.

616 2122 925 2207 Interpol.
973 2120 1157 2187 Serv.
1205 2118 1362 2187 Aen.
1408 2120 1504 2185 IV
1542 2123 1668 2187 262
1717 2122 1792 2186 de
1835 2124 2052 2186 laena:
2115 2120 2222 2186 alii
2283 2129 2498 2205 togam
2548 2121 2887 2206 duplicem,

521 2242 574 2286 15
617 2227 683 2289 in
730 2247 853 2311 qua
897 2226 1310 2290 flamines
1373 2225 1911 2291 sacrificant
1966 2225 2461 2293 infibulati.
2510 2226 2735 2312 cf.fr.
2786 2228 2882 2292 17.

613 2434 884 2487 Priscian.
921 2434 972 2486 V
1009 2450 1062 2501 p.
1097 2434 1204 2487 645
1236 2432 1299 2485 Ρ.
1342 2434 1438 2487 149
1474 2434 1575 2486 H.:
1614 2433 1832 2499 Trogus
1887 2434 1943 2486 in
1980 2433 2148 2486 XXII
2202 2433 2522 2485 femininum
2580 2451 2614 2486 a
2667 2436 2884 2487 flamine

614 2521 844 2586 protulit
912 2524 1044 2572 hacc
1112 2519 1410 2571 flaminica:
1446 2517 1515 2586 “†
1549 2519 1773 2585 Papicio
1826 2518 2108 2586 (Papirius
2161 2518 2511 2584 Bonyarsius
2542 2555 2556 2581 ‚
2624 2520 2881 2587 Falster3

610 2606 861 2673 Papisius
898 2624 944 2659 s.
986 2606 1235 2673 Papirius
1271 2607 1336 2659 A.
1372 2607 1451 2658 G.
1499 2603 1754 2672 Cramer)
1811 2603 2007 2657 flamen
2045 2610 2272 2671 propter
2310 2611 2534 2657 mortem
2578 2605 2881 2660 flaminicae

612 2692 865 2745 flamonio
922 2693 1054 2754 (cod.
1092 2693 1429 2756 Amiencns„
1480 2693 1723 2758 Sangall.
1743 2733 1758 2758 ,
1814 2692 2121 2745 Caroliruh.
2161 2708 2228 2743 m.
2266 2708 2366 2744 sec.
2383 2710 2404 2756 ,·
2450 2692 2526 2757 cf.
2565 2694 2885 2762 Mommsen,

613 2781 838 2848 Ephem.
865 2783 1040 2847 epiyr.
1077 2779 1114 2829 I
1142 2798 1205 2846 p.
1230 2782 1340 2831 221
1365 2781 1468 2846 sq.)
1507 2777 1671 2830 abiit’.
1711 2765 2039 2831 Tertullian.
2061 2778 2127 2831 de
2165 2782 2372 2831 exhort.
2412 2781 2590 2831 castit.
2636 2780 2696 2833 13
2731 2790 2882 2832 certe

612 2865 886 2919 flaminica
934 2881 1042 2917 non
1095 2866 1200 2916 nisi
1250 2865 1466 2917 univira
1514 2871 1623 2917 est.
1680 2880 1822 2931 quae
1874 2872 1929 2916 et
1978 2865 2213 2916 flaminis
2261 2866 2349 2917 lex
2388 2870 2487 2917 est.
2559 2866 2880 2933 Hieronym.

609 2951 768 3019 epist.
808 2950 925 3018 123,
962 2950 996 3004 8
1033 2950 1231 3003 flamen
1267 2951 1430 3003 unius
1469 2951 1655 3003 uxoris
1692 2952 1762 3003 ad
1800 2950 2163 3003 sacerdotium
2216 2948 2555 3014 admittitur,
2608 2951 2883 3004 flaminica

611 3038 829 3105 quoquc
866 3038 1026 3091 unius
1062 3037 1248 3089 mariti
1286 3037 1510 3104 eligitur
1545 3054 1696 3090 uxor.
1771 3036 1845 3090 id.
1885 3037 2008 3090 adv.
2037 3039 2220 3091 Jovin.
2266 3040 2311 3104 1,
2347 3039 2416 3092 49
2451 3040 2660 3092 nullam
2697 3054 2880 3091 sacer·

610 3127 789 3178 dotem
829 3124 1118 3190 bigamam,
1157 3124 1363 3175 nullum
1402 3123 1670 3175 flaminem
1713 3123 2038 3176 bimaritum.

814 3211 882 3263 25
952 3211 1217 3277 Interpol.
1256 3210 1408 3263 Serv.
1448 3213 1583 3263 Aon.
1622 3212 1650 3263 I
1686 3210 1792 3263 706
1829 3216 1885 3262 ct
1922 3209 2142 3278 quidam
2183 3212 2375 3265 volunt
2429 3213 2532 3263 hoc
2582 3210 2878 3264 secundum

608 3307 846 3350 vet-orem
873 3297 1326 3349 caerimoniarum
1357 3298 1517 3349 ritum
1543 3296 1758 3350 adverti
1800 3297 2017 3359 debere,
2057 3297 2201 3365 quod
2240 3297 2294 3350 fl
2314 3299 2531 3352 amini
2560 3339 2569 3348 .
2600 3337 2613 3350 .
2641 3338 2651 3349 .
2682 3303 2879 3350 ante-

610 3383 1048 3449 ponebatur3
1104 3398 1229 3433 nam
1282 3399 1401 3435 cum
1451 3381 1584 3435 dicit
1623 3384 1733 3452 ‘qui
1788 3382 2019 3450 dapibus
2070 3400 2288 3435 mensas
2325 3389 2555 3436 onerent
2590 3392 2644 3436 et
2679 3386 2879 3451 pocula

608 3469 849 3535 ponant'‚
889 3471 947 3519 et‘
993 3468 1125 3520 alibi
1160 3466 1326 3535 (Aen.
1362 3468 1473 3522 VII
1516 3466 1637 3535 134>
1675 3467 1746 3521 ‘et
1793 3470 1921 3521 vina
1973 3470 2223 3537 reponite
2273 3468 2507 3533 mensis’,
2544 3471 2675 3537 quid
2729 3471 2878 3523 aliud

609 3555 867 3620 ostendit,
906 3571 1068 3622 quam
1106 3571 1341 3607 mensam
1382 3572 1608 3608 vacuam
1654 3572 1763 3608 non
1811 3557 2178 3623 antepositam
2204 3558 2443 3621 Aeneae,
2481 3573 2637 3624 quem
2676 3557 2877 3626 ubique

609 3641 793 3692 omnia
829 3638 1138 3693 sacerdotia
1175 3641 1385 3692 inducit
1422 3641 1752 3693 habuisse?

809 3724 879 3779 26
950 3726 1107 3779 Paul.
1145 3744 1198 3793 p.
1236 3725 1305 3779 56
1340 3728 1790 3780 commetaculum
1828 3744 2004 3794 genus
2044 3728 2313 3795 virgulae,
2356 3744 2466 3795 qua
2502 3730 2555 3780 in
2595 3730 2877 3782 sacrificiis

607 3811 924 3863 utebantur.

760 3929 763 3934 -
810 3895 877 3949 27
951 3899 1215 3965 Interpol.
1243 3899 1392 3951 Serv.
1423 3901 1562 3952 Aen.
1586 3899 1667 3952 IV
1693 3899 1797 3954 262
1822 3901 1885 3953 de
1909 3902 2098 3954 laeua:
2136 3901 2233 3953 alii
2271 3903 2521 3954 amictum
2552 3902 2875 3955 rotundum:

603 3982 734 4034 alii
773 4022 786 4035 .
814 4020 830 4036 .
857 4021 870 4035 .
908 3984 1297 4037 infibulati
1335 3986 1653 4053 ..quidam
1692 3986 2060 4053 pontificalem
2098 3988 2261 4039 ritum
2286 3988 2541 4042 hocloco
2569 3990 2876 4056 expositum

603 4072 799 4136 putant
837 4086 878 4122 e.
916 4089 965 4138 q.
1002 4087 1079 4135 3.,
1124 4072 1198 4139 cs.
1222 4074 1316 4138 fr.-
1354 4076 1433 4125 17.
1507 4073 1714 4126 Sueton
1764 4073 1833 4127 fr.
1877 4073 1972 4127 167
2009 4091 2062 4141 p.
2102 4074 2203 4128 267
2241 4073 2347 4127 Rff.
2395 4076 2461 4127 de
2508 4076 2694 4128 laena:
2745 4079 2878 4143 toga

607 4155 823 4222 duplex,
861 4171 971 4223 qua
1007 4156 1280 4209 infibulati
1316 4158 1559 4212 flamines
1590 4157 1924 4212 sacrificant.

807 4329 826 4362 '¹
864 4328 1069 4380 flamini
1106 4328 1152 4379 0
1182 4328 1380 4381 flamen
1420 4328 1498 4380 02
1536 4330 1618 4382 vel
1653 4330 1729 4381 0⁸
1826 4331 1871 4367 ¹⁴
1908 4331 2001 4383 alii
2038 4370 2052 4384 .
2091 4371 2104 4384 .
2142 4372 2154 4386 .
2190 4332 2469 4385 *infibulati
2506 4350 2551 4387 e.
2585 4350 2636 4401 q.
2673 4351 2719 4387 3.
2754 4335 2872 4388 hab.

604 4413 836 4467 Ambros
942 4416 988 4451 1⁵
1025 4413 1368 4483 sacrificant]
1404 4418 1793 4471 sacrificabant
1839 4419 1905 4486 T,
1938 4419 2169 4471 Ambros
2239 4418 2511 4473 infibulati
2547 4421 2757 4474 Daniel
2792 4422 2875 4473 in-

602 4498 832 4554 fabulati
867 4502 923 4555 F
956 4501 1177 4554 infulati
1224 4500 1275 4553 T
