3407 5226
511 1580 567 1620 10

517 2098 571 2139 15

516 2620 575 2661 20

607 433 686 493 72

606 623 672 684 ἕν
701 627 824 697 τοῖς
860 621 1301 703 Παναθηναίος
1347 617 1725 699 ὁπλομαχίας
1774 617 2009 700 ἀγῶνος
2059 626 2145 705 τῷ
2187 625 2310 680 τῶν
2354 623 2587 681 παίδων
2617 615 2869 697 ὀνόματι

604 730 821 801 τιθεὶς,
852 723 1194 807 ἐξωρμήθη
1227 725 1322 786 καὶ
1353 722 1714 804 καταλαβών
1747 722 1939 786 αὐτόν
1970 722 2311 804 τεθνηκότα
2341 720 2451 801 (36.
2477 722 2866 806 Ayrippam)

602 827 669 905 ἔς·
714 855 781 892 τε
830 827 902 891 τό
949 825 1103 891 ἄστυ
1149 826 1221 890 το“
1267 834 1444 906 σῶμα
1491 825 1682 890 αὐτοῦ
1728 826 2045 906 ε’σεκόμισε
2091 827 2189 888 καὶ
2236 828 2302 889 ἐν
2348 833 2429 913 τῇ
2472 823 2663 914 ἀγορᾷ
2690 823 2867 909 προέ-

612 941 799 1016 θηκε,
844 931 954 996 τόν
997 959 1059 995 τε
1108 931 1285 1012 λόγον
1329 931 1437 994 τόν
1503 933 1597 993 ἐπ’
1656 929 1851 994 αὐτοῦ
1908 927 2066 1007 εἶπε,
2128 927 2576 1014 παραπέτασμα
2632 956 2687 992 τι,
2745 928 2868 1013 πρό

610 1045 723 1101 τοῦ
777 1039 988 1121 νεκροῦ
1033 1040 1421 1121 παρατείνας.
1469 1032 1617 1116 ὅπερ
1664 1035 1786 1116 ἐγώ
1830 1035 1942 1115 μὲν
1986 1033 2089 1098 οὐκ
2137 1031 2275 1097 οἶδα
2321 1033 2417 1097 ὃιοέ
2462 1034 2525 1095 τί
2567 1034 2869 1114 ἐποίησεν,

607 1140 845 1226 εἴρηται
890 1141 959 1204 δὲ
1005 1137 1173 1220 ὅμως
1218 1148 1346 1215 τοῖς
1388 1140 1498 1220 μὲν
1547 1136 1637 1202 ὅτι
1683 1139 2023 1223 ἀρχιέρεως
2068 1133 2167 1217 ἦν,
2211 1144 2333 1214 τοῖς
2378 1138 2447 1201 δὲ
2491 1133 2583 1200 ὅτι
2628 1136 2706 1200 τοὶ
2745 1146 2870 1201 τῶν

607 1248 876 1326 τιμητῶν
924 1242 1241 1327 ἔπραττεν,
1287 1242 1392 1307 οὐκ
1440 1242 1658 1327 ὀρθῶς
1702 1249 2055 1327 φρονοῦσιν.
2118 1237 2258 1305 οὔτε
2296 1241 2411 1324 γοὲρ
2447 1247 2544 1328 τῷ
2572 1239 2869 1328 ἀρχιέρεῳ

608 1348 928 1430 ιίπείρηται
972 1348 1178 1429 νεκρόν
1225 1347 1381 1432 ὁρᾶν
1424 1345 1567 1411 οὔτε
1614 1353 1709 1433 τῷ
1751 1352 2017 1434 τιμητῇ,
2088 1344 2246 1425 πλήν
2291 1342 2366 1408 ἂν
2410 1345 2478 1408 το“
2524 1344 2693 1420 τέλος
2737 1352 2872 1420 ταῖς

609 1450 991 1534 ἀπογραφαῖς
1035 1450 1232 1538 μέλλῃ
1279 1450 1511 1526 ἐπάξειν
1557 1473 1604 1515 e.
1637 1472 1691 1535 q.
1725 1472 1774 1514 3.
1810 1451 1895 1514 ib.
1928 1452 2031 1529 35,
2063 1454 2101 1513 4
2148 1453 2213 1513 ἐν
2256 1449 2325 1513 δὲ
2369 1455 2461 1536 τῷ
2505 1445 2623 1513 ἔτει
2670 1449 2869 1535 ἐκείνῳ

610 1553 722 1634 τήν
782 1580 848 1618 τε
912 1554 1153 1617 Ἰουλίαν
1214 1561 1309 1642 τῷ
1360 1555 1621 1642 Τιβερίῳ
1683 1551 1967 1639 συνῴκισε
2030 1551 2145 1635 (86.
2194 1538 2555 1638 Anqustus)
2614 1554 2712 1615 καὶ
2757 1551 2873 1634 τήν

607 1657 958 1722 Ὀκταουίαν
1008 1657 1124 1740 τήν
1168 1655 1455 1742 ἀδελφὴν
1499 1657 1941 1721 ἀποθανοῦσαν
1971 1655 2276 1740 προέθετο
2315 1658 2413 1719 ἐπὶ
2445 1654 2871 1720 τοῦἸουλιείου

616 1761 844 1850 ἡρῴου,
891 1761 1397 1846 παραπετάσματι
1452 1766 1548 1825 καὶ
1594 1759 1735 1824 τότε
1782 1762 1879 1824 ἐπὶ
1923 1767 2038 1823 τοῦ
2081 1766 2293 1841 νεκροῦ
2326 1758 2735 1842 χρησάμενος.
2786 1762 2869 1844 cf.

610 1863 742 1929 LX
780 1866 879 1947 13,
927 1866 984 1928 3.
1029 1867 1114 1930 ib.
1147 1865 1302 1929 LVI
1334 1868 1437 1941 31,
1476 1869 1512 1928 3
1560 1868 1656 1928 καὶ
1699 1863 1861 1944 μετοὲ
1907 1870 2090 1926 τοῦτο
2134 1869 2227 1950 τῷ
2270 1889 2333 1926 τε
2390 1864 2651 1950 Τιβερίῳ
2699 1861 2872 1927 ἄδεια

611 1969 832 2052 ἐδόθη,
861 1965 954 2033 ὅτι
984 1976 1093 2033 τοῦ
1122 1996 1184 2033 τε
1216 1972 1445 2052 νεκροῦ,
1491 1967 1600 2032 οὐκ
1647 1967 1780 2044 ἐξόν
1825 1967 1921 2050 ὃν),
1965 1964 2175 2046 ἥψατο
2212 1968 2308 2030 καὶ
2340 1966 2873 2053 συμπαρέπεμψεν

616 2072 823 2138 αὐτόν.
914 2075 1062 2138 Tac.
1110 2096 1255 2138 ann.
1306 2072 1333 2134 I
1381 2077 1462 2137 62
1508 2075 1781 2159 primum
1849 2072 2199 2136 extruendo
2246 2073 2487 2135 tumulo
2533 2074 2869 2157 caespitem

613 2178 845 2242 Caesar
902 2180 1111 2261 posuit
1176 2228 1189 2241 .
1241 2230 1254 2242 .
1317 2179 1482 2262 quod
1528 2178 1783 2241 Tiberio
1844 2177 2015 2240 haud
2077 2176 2411 2260 probatum
2466 2226 2479 2239 .
2530 2225 2544 2239 .
2594 2226 2607 2240 .
2668 2198 2872 2261 neque

614 2285 1057 2367 imperatorem
1102 2289 1416 2365 auguratu
1462 2289 1525 2346 et
1571 2283 2008 2346 vetustissimis
2068 2281 2458 2344 caerimoniis
2515 2281 2872 2363 praeditum

614 2387 965 2475 adtrectare
1025 2387 1249 2450 feralia
1306 2387 1614 2450 debuisse.
1709 2385 1949 2449 Seneca
1994 2407 2160 2449 cons,
2208 2385 2289 2447 ad
2333 2383 2638 2446 Marciam
2688 2386 2786 2464 15,
2834 2386 2872 2446 3

615 2491 904 2554 Tiberius
952 2490 1182 2554 Caesar
1231 2541 1245 2555 .
1295 2539 1310 2554 .
1359 2541 1372 2554 .
1420 2512 1532 2574 pro
1579 2491 1794 2555 rostris
1856 2489 2142 2552 laudavit
2204 2489 2405 2551 filium
2467 2489 2763 2571 stetitque
2807 2490 2873 2550 in

618 2600 953 2680 conspectu
1008 2595 1209 2679 posito
1271 2616 1570 2679 corpore,
1632 2594 1961 2659 interiecto
2010 2592 2446 2657 tantummodo
2495 2593 2871 2674 velamentO,

574 2759 577 2762 .
616 2700 781 2785 quod
826 2699 1135 2783 pontificis
1182 2700 1394 2763 oculos
1438 2721 1476 2763 a
1522 2699 1744 2763 funere
1789 2705 2050 2762 arceret.

455 3208 534 3269 63

515 3434 573 3476 25

455 3833 534 3893 64

1015 2992 1116 3055 IX
1179 2990 1296 3054 DE
1343 2990 1871 3055 VIRGINIBUS
1917 2990 2472 3055 VESTALIBUS

824 3201 986 3265 Gell.
1035 3224 1094 3265 n.
1143 3222 1198 3263 a.
1245 3201 1279 3264 I
1329 3203 1428 3283 12,
1477 3204 1550 3263 11
1602 3200 1875 3285 Papiam
1921 3202 2128 3283 legem
2172 3201 2561 3278 invenimus,
2608 3221 2731 3283 qua
2777 3221 2876 3263 ca-

614 3313 816 3387 vetur,
864 3312 950 3368 ut
1013 3305 1487 3388 pontificis
1547 3306 1901 3367 maximi
1964 3304 2413 3367 arbitratu
2475 3304 2877 3385 virgines

616 3432 652 3473 e
697 3409 1020 3494 populo
1083 3408 1412 3490 viginti
1473 3409 1889 3490 legantur
1954 3408 2497 3490 sortitioque
2561 3408 2638 3470 in
2687 3428 2878 3470 con-

613 3503 853 3577 tione
899 3533 996 3575 ex
1042 3533 1128 3574 eo
1174 3533 1522 3575 numero
1568 3512 1867 3591 fiat‚et
1914 3512 2154 3574 cuius
2200 3512 2575 3593 virginis
2621 3510 2877 3574 ducta

614 3618 820 3694 erit,
887 3622 976 3678 ut
1039 3637 1214 3679 eam
1280 3615 1700 3700 pontifex
1763 3617 2184 3679 maximus
2247 3616 2545 3699 capiat
2607 3635 2877 3697 eaque

612 3720 940 3784 Vestae
984 3721 1170 3783 fiat.
1221 3720 1447 3803 cf.fr.
1497 3720 1600 3784 83.

823 3825 990 3887 Gell.
1039 3846 1099 3888 n.
1148 3846 1204 3889 a.
1253 3824 1285 3886 I
1337 3827 1434 3904 12,
1483 3827 1561 3886 13
1607 3846 1696 3909 sq.
1765 3824 1961 3906 capi
2025 3828 2239 3885 autem
2299 3823 2479 3904 virgo
2542 3827 2880 3905 propterea

815 3981 884 4034 63
956 3982 1096 4033 Gen.
1135 4000 1185 4034 n.
1227 4001 1275 4034 a.
1313 3982 1341 4033 Ι
1382 3980 1461 4046 1‘2,
1504 3981 1566 4033 10
1602 3998 1681 4047 sq.
1737 3982 1803 4032 de
1859 3997 2008 4032 more
2067 3982 2248 4031 autem
2302 3980 2519 4045 rituque
2574 3977 2877 4044 capiundae

613 4068 843 4134 virginis
881 4067 1101 4119 litterae
1140 4068 1358 4134 quidem
1396 4067 1732 4134 antiquiores
1769 4083 1879 4117 non
1917 4069 2153 4130 exstant,
2190 4065 2296 4116 nisi
2334 4081 2473 4131 quae
2512 4067 2675 4131 capta
2701 4064 2879 4131 prima

613 4158 697 4205 est
734 4171 767 4205 a
802 4153 981 4205 Numa
1017 4171 1149 4220 rege
1189 4170 1310 4206 esse
1348 4157 1580 4221 captam.
1655 4153 1753 4205 sed
1790 4154 2085 4219 Papiam
2120 4154 2350 4218 legem
2389 4189 2400 4200 .
2440 4191 2452 4202 .
2493 4190 2506 4202 .
2545 4150 2703 4201 fiat.

820 4238 888 4291 64
961 4238 1098 4291 Gell.
1136 4257 1186 4291 n.
1225 4258 1274 4291 a.
1311 4239 1339 4290 I
1380 4238 1476 4304 12,
1520 4238 1582 4291 15
1635 4239 1887 4305 plerique
1950 4243 2130 4291 autem
2191 4237 2315 4305 capi
2375 4236 2645 4302 virginem
2707 4235 2880 4286 solam

819 4382 862 4415 ²⁶
892 4385 1018 4445 post
1064 4380 1215 4431 cuius
1254 4379 1551 4433 Mommsen
1597 4380 1707 4434 add
1762 4395 1899 4443 sorS,
1931 4385 2057 4449 post
2097 4378 2200 4430 erit
2241 4378 2381 4431 Rem
2417 4380 2477 4428 in
2518 4375 2675 4427 Paul.
2719 4374 2880 4428 Real-

618 4466 834 4533 Encycl.
888 4465 973 4515 VI
996 4483 1052 4534 1)-
1096 4468 1231 4522 2501
