3407 5226
589 432 670 494 14

587 633 798 698 culum
842 628 1013 695 haud
1063 643 1447 713 quemquam
1493 622 1686 689 alium
1735 621 2110 688 accumbere
2154 620 2251 688 fas
2300 632 2440 689 erat
2484 622 2586 707 (fr.
2632 628 2717 691 24
2762 625 2851 708 s):

588 759 664 804 ac
706 736 887 818 vide,
952 753 1140 818 quam
1188 732 1350 795 bene
1396 729 1518 793 hoc
1565 729 1857 793 concinat
1902 749 2049 791 cum
2095 729 2187 810 iis,
2236 749 2403 814 quae
2448 731 2507 793 in
2556 731 2629 795 fr.
2680 733 2719 793 4
2762 733 2852 795 le·
2924 798 2930 804 ,

588 843 827 924 guntur
869 838 1080 920 itaque
1121 835 1192 897 in
1233 830 1635 914 [conviviis]¹
1686 831 1853 914 solus
1896 850 2011 894 rea·
2054 851 2259 913 supra
2302 851 2512 897 omnes
2558 833 2859 915 accubat;

473 983 483 991 -
584 944 678 1007 sic
722 948 780 1005 et
823 939 1038 1020 Dialis
1084 957 1284 1020 supra
1315 935 1686 999 Martialem
1730 940 1788 996 et
1816 934 2230 1016 Quirinalem,
2275 934 2613 1000 Martialis
2658 958 2856 1020 supra

580 1046 965 1129 promimum,
1012 1059 1223 1107 omnes
1261 1041 1407 1102 item
1447 1059 1648 1120 supra
1682 1039 2066 1120 pontificem,
2120 1043 2191 1101 ut
2234 1038 2405 1101 haud
2453 1043 2860 1103 temerarium

588 1169 729 1212 esse
789 1146 1082 1224 videatur
1146 1143 1511 1206 existimare
1557 1139 1857 1203 Verrium
1906 1141 1985 1204 de
2032 1139 2251 1205 ordine
2296 1143 2698 1207 sacerdotum
2746 1164 2857 1207 ex-

587 1255 931 1336 ponentem
974 1245 1348 1332 pontificum
1395 1243 1749 1308 doctrinam
1791 1243 2082 1308 referre2.
2145 1244 2315 1328 quod
2361 1245 2533 1309 idem
2575 1247 2859 1311 iudican-

588 1357 741 1421 dum
811 1375 956 1418 esse
1024 1351 1102 1414 de
1165 1349 1340 1414 Fest.
1387 1369 1452 1432 p.
1504 1349 1626 1413 154
1671 1369 1721 1411 s.
1770 1368 1830 1412 v,
1880 1347 2212 1411 ‘maximae
2271 1341 2670 1432 dignationis'
2730 1353 2857 1414 iam

585 1460 691 1523 hic
750 1455 1103 1521 ostendam.
1191 1473 1340 1517 nam
1398 1472 1542 1515 cum
1600 1451 1688 1515 ibi
1749 1458 2041 1515 narretur
2098 1455 2415 1519 maximae
2473 1455 2857 1540 dignationis

586 1565 754 1626 inter
800 1559 1158 1643 quindecim
1209 1555 1666 1620 flamines'esse
1695 1554 2010 1618 flaminem
2042 1555 2297 1621 Dialem
2332 1564 2394 1621 et
2430 1579 2571 1621 cum
2622 1560 2858 1622 ceteri3

589 1664 952 1729 discrimina
996 1659 1350 1725 maiestatis
1396 1656 1674 1721 habeant
1719 1657 2014 1720 minimae
2058 1657 2442 1742 dignationis
2489 1682 2629 1725 esse
2655 1663 2855 1725 flami-

587 1787 737 1830 nem
795 1765 1250 1843 Pomonalem,
1306 1761 1470 1845 quod
1528 1759 1813 1823 Pomona
1871 1762 2181 1825 levissimo
2235 1763 2492 1844 fructui
2549 1784 2858 1847 aqrorum

582 1869 907 1952 praesidet
941 1867 1152 1950 pomis
1195 1865 1304 1946 (fr.
1357 1865 1490 1944 11),
1538 1863 1660 1925 hoc
1702 1863 2041 1927 manifesto
2089 1865 2257 1929 redit
2302 1866 2383 1929 ad
2429 1867 2621 1947 illud,
2685 1869 2856 1950 quod

586 1972 818 2036 Festus
861 1971 937 2036 fr.
985 1974 1025 2034 4
1070 1968 1432 2051 affirmavit,
1478 1965 1878 2031 sacerdotum
1924 1967 2209 2031 ordinem
2256 1968 2595 2033 deorum
2639 1971 2859 2034 ordine

588 2077 943 2140 aestimari:
993 2073 1188 2138 talem
1235 2069 1725 2136 veroordinem
1770 2070 1905 2153 quis
1953 2077 2206 2153 praeter
2248 2073 2601 2156 pontifices,
2648 2093 2859 2138 sacro-

589 2200 732 2244 rum
792 2178 1016 2263 populi
1093 2175 1337 2241 romani
1415 2173 1654 2237 iudices
1722 2178 1786 2235 et
1851 2173 2122 2237 arbitros
2192 2196 2507 2258 summos,
2574 2179 2859 2261 potuerit

591 2282 977 2347 constituere
1052 2278 1346 2363 equidem
1420 2276 1594 2341 haud
1669 2296 1992 2360 assequor.
2100 2297 2306 2361 neque
2380 2278 2609 2342 desunt
2684 2288 2859 2346 certa

587 2385 859 2469 vestigia
906 2382 1134 2468 quibus
1179 2381 1498 2446 indicetur
1542 2379 1869 2463 dignitatis
1934 2380 2339 2445 sacerdotalis
2384 2383 2621 2466 gradus
2667 2385 2859 2448 etiam

590 2491 653 2554 in
699 2487 1075 2574 pontificum
1121 2484 1391 2568 collegio
1442 2490 1507 2547 et
1551 2484 1612 2546 in
1659 2482 2009 2567 virginibus
2055 2483 2425 2549 Vestalibus
2481 2487 2858 2551 constitutos

587 2593 818 2673 fuisset,
886 2590 968 2655 ad
1034 2588 1190 2653 illud
1256 2587 1534 2674 pertinet
1595 2585 1767 2651 Fest.
1812 2607 1876 2671 p.
1936 2588 2050 2651 161
2121 2589 2437 2652 minorum
2492 2592 2860 2675 pontificum

587 2699 907 2763 maximas
949 2696 1206 2775 dicitur,
1252 2696 1360 2779 qui
1398 2694 1650 2777 primus
1678 2694 1749 2755 in
1777 2692 1849 2755 id
1895 2694 2221 2777 colleyium
2262 2696 2446 2777 venit,
2489 2698 2636 2760 item
2678 2698 2862 2760 mini-

589 2822 749 2884 mus,
795 2800 905 2885 qui
947 2799 1325 2862 novissimus
1372 2796 1481 2877 (fr.
1530 2796 1660 2877 62),
1708 2796 1787 2860 de
1810 2795 2180 2861 Vestalibus
2224 2798 2373 2861 inde
2416 2799 2565 2864 licet
2610 2801 2859 2864 coniec-

589 2912 801 2969 turam
862 2902 1108 2985 facere‚
1171 2900 1342 2985 quod
1415 2919 1742 2963 sacrorum
1787 2900 1896 2963 lex
1940 2900 2112 2985 apud
2160 2901 2469 2985 Interpol.
2516 2902 2694 2968 Serv.
2742 2904 2860 2966 ecl.

590 3006 764 3073 VIII
809 3007 892 3071 82
937 3010 1193 3069 servata
1236 3003 1516 3086 virgines
1550 3000 1847 3066 Vestales
1892 3009 2066 3067 tres
2112 3006 2497 3068 maximas
2542 3025 2627 3070 ex
2655 3005 2718 3069 N
2723 3007 2859 3070 onis

589 3111 785 3175 Maiis
822 3108 904 3174 ad
950 3108 1152 3194 pridie
1182 3106 1338 3171 Idus
1369 3105 1574 3170 Maias
1608 3106 1872 3170 alternis
1919 3107 2143 3170 diebus
2189 3128 2296 3171 eas
2340 3108 2547 3192 spicas
2591 3108 2860 3173 adoreas

800 3355 819 3387 ¹
857 3347 1155 3403 ‘conviviis’
1191 3350 1395 3418 optime
1433 3349 1501 3402 ab
1537 3350 1682 3402 Aldo
1720 3349 1967 3403 Manutio
2006 3349 2252 3403 additum
2287 3354 2388 3403 est.

797 3439 820 3475 2
854 3454 977 3489 cum
999 3437 1154 3489 Festi
1191 3437 1379 3504 glossa
1415 3440 1610 3503 sponte
1646 3436 1703 3487 in
1741 3435 1877 3488 duas
1914 3439 2104 3503 partes
2142 3436 2407 3503 discedat,
2444 3453 2673 3504 quarum
2707 3438 2860 3505 prior

591 3523 863 3578 clauditur
918 3523 1102 3575 verbis
1157 3538 1339 3574 omnes
1394 3525 1522 3575 item
1579 3538 1754 3588 supra
1804 3523 2125 3589 pontificem
2144 3560 2159 3588 ‚
2217 3524 2527 3590 posteriore
2590 3524 2860 3577 contineri

590 3609 937 3679 grammatici
975 3609 1045 3663 ad
1080 3609 1322 3677 priorem
1358 3609 1852 3676 interpretamenta
1900 3608 2187 3662 declarant
2238 3610 2410 3663 verba
2463 3610 2685 3674 Dialis,
2733 3614 2862 3676 quia

589 3699 843 3749 universi
887 3696 1081 3747 mundi
1130 3696 1379 3747 sacerdos
1397 3730 1411 3757 ,
1460 3698 1553 3761 qui
1603 3696 1914 3761 appellatur
1951 3696 2150 3762 Dium,
2206 3695 2273 3747 de
2311 3696 2506 3763 quibus
2543 3699 2604 3748 ut
2639 3696 2706 3748 de
2745 3701 2863 3750 tota

590 3786 751 3851 parte
789 3783 982 3847 altera,
1019 3798 1161 3848 quae
1197 3797 1318 3833 cum
1355 3780 1541 3848 priore
1577 3796 1687 3831 non
1724 3781 2033 3832 consentire
2068 3781 2304 3847 videtur,
2341 3782 2567 3849 copiose
2604 3782 2864 3835 disseruit

590 3867 914 3932 Ambrosch,
952 3868 1175 3929 Quaest.
1202 3869 1353 3933 pont.
1393 3861 1512 3933 cap.
1549 3866 1577 3917 Ι
1612 3882 1666 3932 p.
1703 3866 1738 3918 3
1774 3881 1891 3932 sqq.
1932 3868 1988 3917 et
2021 3869 2149 3933 post
2203 3882 2325 3918 eum
2360 3853 2663 3934 Mercklin,
2712 3856 2861 3919 [lber

594 3953 683 4004 die
706 3953 1048 4020 Anordnung
1070 3953 1181 4005 und
1203 3952 1562 4019 Eintheilung·
1586 3951 1682 4003 des
1720 3954 1853 4003 rom.
1882 3952 2332 4019 Priesterthums,
2368 3954 2426 4005 in
2448 3954 2588 4005 Bull.
2617 3953 2860 4006 academ.

591 4040 871 4106 Petropol.
928 4040 1088 4092 class,
1144 4038 1590 4105 histor.-philol.
1627 4036 1682 4087 X
1718 4036 1901 4102 (1853)
1936 4054 1991 4104 p.
2028 4038 2132 4090 283
2167 4054 2285 4105 sqq.
2342 4038 2442 4090 sed
2496 4043 2668 4091 totam
2720 4041 2863 4091 hanc

592 4124 1050 4191 disceptationem
1085 4125 1176 4176 hic
1211 4125 1342 4176 licet
1378 4124 1661 4188 omittere,
1712 4123 1916 4190 quippe
1954 4139 2062 4190 qua
2097 4123 2398 4191 fragmenti
2433 4124 2563 4176 fidei
2597 4124 2735 4176 nihil
2771 4124 2865 4177 de-

593 4211 848 4276 rogetur:
887 4208 1121 4276 denique
1158 4210 1449 4276 praeclaro
1484 4208 1775 4261 Mercklini
1810 4209 1910 4260 1.l.
1947 4226 1999 4275 p.
2026 4207 2127 4262 289
2163 4210 2383 4261 invento
2419 4210 2485 4275 is,
2523 4226 2682 4275 quem
2721 4210 2880 4266 desi-⁷

594 4294 869 4359 deramus,
905 4310 1097 4347 sensus
1135 4298 1496 4362 recuperatus
1534 4299 1633 4347 est.

800 4380 821 4414 ⁸
858 4380 1062 4433 codicis
1086 4380 1379 4433 Farnesini
1415 4380 1745 4447 scripturam
1780 4377 1998 4432 ‘cetera'
2034 4397 2069 4433 a
2091 4380 2357 4433 Muellero
2383 4384 2535 4435 recte
2566 4382 2624 4433 in
2660 4378 2861 4435 ‘ceteri'

593 4469 901 4519 correctam
936 4482 1061 4519 esse
1096 4467 1216 4535 ipse
1251 4467 1403 4519 locus
1442 4465 1798 4519 demonstrat.
2693 4481 2698 4484 ¹
