3407 5226
609 432 688 494 76

447 615 529 684 69
816 616 1079 700 Dionys.
1111 614 1320 680 Halia.
1352 616 1421 678 II
1454 618 1533 680 67
1574 615 1809 697 χρόνον
1854 615 1918 678 δὲ
1963 621 2396 699 τριακονταετῆ
2438 614 2637 696 μένειν
2683 615 2877 696 αὐτοὶς
2940 614 2945 618 ’

604 720 929 803 ἀναγκαῖον
976 717 1167 801 άγνοὶς
1213 717 1425 799 γάμων
1459 718 1895 802 θυηπολούσας
1939 743 2004 781 τε
2049 722 2144 782 καί
2189 713 2380 781 τᾶλλα
2416 721 2879 801 θρησκευούσας

605 822 760 889 κατοῖ
808 822 1032 907 νόμον,
1095 826 1161 887 ἐν
1205 817 1253 911 ᾦ
1302 821 1443 886 δέκα
1485 824 1600 902 μὲν
1646 822 1759 906 ἔτη
1805 822 2147 902 μανθάνειν
2191 820 2381 899 αὐτοῖς
2424 822 2577 906 ἔδει,
2631 823 2779 888 δέκα
2823 825 2876 888 δ’

606 930 896 993 ἐπιτελεῖν
943 925 1019 990 τὰ
1066 926 1231 1007 ἱεροὶ,
1276 925 1353 990 τοὶ
1401 927 1466 991 δὲ
1513 926 1687 991 λοιποὶ
1735 924 1873 989 δέκα
1919 925 2212 990 διδάσκειν
2257 925 2484 1010 ἑτέρας.
2575 930 2877 1011 ἐκπληρω-

538 1052 565 1093 5
613 1034 828 1116 θείσης
857 1032 927 1096 δὲ
955 1036 1067 1115 τῆς
1096 1033 1584 1116 τριακονταετίας
1630 1029 1701 1095 ου’
1709 1032 1809 1095 δὲν
1841 1027 1920 1114 ἦν
1950 1029 2022 1094 ro*
2053 1034 2328 1094 κωλῦσον
2358 1030 2469 1108 τοὶς
2512 1033 2879 1113 βουλομένας

604 1135 945 1212 ἀποθείσας
992 1135 1068 1198 τά
1114 1134 1439 1216 στέμματα
1485 1134 1584 1199 καὶ
1630 1134 1707 1199 τοὶ
1751 1134 1930 1199 λοιπά
1974 1136 2322 1221 παράσημα
2367 1144 2481 1217 τῆς
2538 1137 2872 1222 ἱερωσύνης

606 1247 963 1324 γαμεῖσθαι.
1052 1240 1223 1305 Plut.
1268 1239 1460 1304 Num.
1510 1241 1590 1304 10
1636 1237 1883 1323 αἱρίσθη
1954 1240 2017 1305 δὲ
2082 1247 2220 1317 ταῖς
2281 1240 2476 1326 ἱεραῖς
2538 1240 2877 1325 παρθένοις

603 1341 731 1408 υ’πο“
774 1349 888 1408 τοῦ
938 1340 1231 1426 βασιλέως
1274 1340 1485 1425 άγνεία
1528 1343 2024 1427 τριακονταέτις,
2088 1342 2156 1408 ἐν
2202 1339 2243 1429 ᾗ
2291 1342 2411 1423 τὴν
2452 1344 2565 1424 μὲν
2625 1343 2877 1428 πρώτην

606 1449 922 1513 δεκαετίαν
965 1446 1008 1511 οἳ
1041 1444 1172 1531 χρή
1217 1450 1369 1533 δρᾶν
1410 1443 1823 1527 μανθάνουσι,
1876 1445 1991 1528 τήν
2036 1448 2106 1512 δὲ
2151 1447 2347 1531 μέσην
2392 1446 2434 1511 ἂ
2475 1446 2875 1532 μεμαθήκασι

515 1570 567 1613 10
611 1557 820 1638 δρῶσι,
865 1549 982 1635 τήν
1025 1551 1094 1615 δὲ
1137 1551 1348 1634 τρίτην
1391 1549 1605 1634 ἑτέρας·
1649 1548 1834 1615 αὐταὶ
1881 1550 2267 1616 διδάσκουσιν.
2342 1548 2478 1616 εἶτα
2523 1552 2750 1617 ἀνεῖται
2795 1561 2881 1642 τῇ

606 1654 949 1744 βουλομένῃ
990 1651 1147 1736 μετά
1197 1650 1311 1718 τόν
1343 1641 1579 1739 χρὸτον
1622 1662 1841 1719 τοῦτον
1877 1651 2002 1739 ἤδη
2034 1658 2133 1719 καὶ
2166 1655 2360 1737 γάμου
2388 1655 2879 1738 μεταλαμβάνειν

608 1761 705 1824 καὶ
769 1756 923 1841 πρός
988 1758 1189 1838 ἕτερον
1256 1755 1603 1839 τραπέσθαι
1669 1758 1800 1840 βίον
1860 1756 2276 1848 ἀπαλλαγείσῃ
2341 1767 2456 1844 τῆς
2521 1759 2876 1845 ἱερουργίας.

610 1864 778 1930 Gell.
824 1885 887 1928 n.
935 1884 992 1928 a.
1041 1862 1177 1926 VII
1223 1860 1386 1946 (VI)
1436 1865 1470 1926 7
1493 1911 1510 1942 ‚
1574 1864 1613 1926 4
1675 1868 2009 1947 praeterea
2076 1864 2130 1927 si
2195 1864 2617 1948 quadraginta
2683 1886 2877 1929 annos

608 1975 760 2032 nata
790 1965 1146 2032 sacerdotio
1188 1965 1365 2031 abire
1412 1988 1486 2031 ac
1524 1968 1763 2030 nubere
1807 1966 2131 2044 voluisset,
2176 1967 2300 2031 ius
2345 1967 2415 2032 ei
2459 1973 2875 2052 potestas-

516 2086 569 2130 15
612 2093 766 2157 que
832 2069 1449 2154 exaugurandi
1518 2075 1781 2154 atque
1847 2070 2230 2135 nubendi
2295 2070 2533 2136 facta
2598 2079 2746 2136 est.

450 2202 531 2264 70
814 2193 982 2257 Plin.
1024 2214 1087 2258 n.
1122 2192 1184 2256 h.
1218 2191 1386 2256 XVI
1430 2191 1556 2256 235
1602 2192 1919 2276 antiquior
1961 2191 2074 2256 sed
2119 2193 2358 2257 incerta
2402 2193 2535 2258 eius
2584 2193 2698 2275 (sc.
2731 2194 2874 2275 loti)

610 2304 806 2375 aetas,
852 2318 1016 2381 quae
1060 2296 1480 2381 capillata
1523 2295 1784 2378 dicitur,
1858 2296 2155 2380 quoniam
2199 2294 2670 2362 Vestalium
2715 2299 2874 2362 vir-

609 2402 892 2485 ginum
953 2399 1338 2484 capillus
1400 2398 1496 2463 ad
1558 2420 1735 2463 eam
1779 2399 2188 2464 defertur.
2279 2400 2463 2466 Paul.
2509 2423 2572 2486 p.
2620 2405 2700 2466 57
2748 2424 2877 2466 ca-

610 2505 1004 2591 pillatam
1065 2504 1168 2569 vel
1229 2503 1741 2589 capillarem
1784 2504 2164 2569 arborem
2209 2503 2532 2586 dicebant,
2593 2506 2672 2569 in
2719 2528 2877 2591 qua

513 2633 571 2675 20
614 2609 1013 2696 capillum
1055 2615 1384 2674 tonsum
1429 2607 2111 2693 suspendebant.

450 2740 525 2802 71
814 2732 987 2795 Plut.
1032 2725 1223 2794 Num.
1273 2732 1351 2794 10
1410 2729 1486 2794 de
1546 2730 1900 2815 virqinibus
1954 2729 2334 2796 Vestalibus:
2396 2729 2874 2813 ῥαβδουχοῦυται

610 2835 673 2898 δὲ
716 2842 1029 2916 προιοῦσαι
1076 2850 1089 2863 ·
1135 2830 1282 2898 κᾶν
1341 2831 1708 2921 ἀγομένῳ
1771 2836 1934 2898 τινὶ
1979 2832 2182 2918 πρός
2229 2834 2596 2898 θάνατον
2640 2832 2877 2898 αὐτο-

606 2936 874 3019 μάτως
920 2936 1470 3019 συντύχωσιν,
1536 2935 1671 3000 οὐκ
1717 2934 2202 3022 ἀναιρεῖται.
2294 2940 2414 3001 δεῖ
2454 2936 2531 3000 δὲ
2574 2934 2875 3018 ἀπομό-

607 3067 740 3105 σαι
803 3039 943 3121 τήν
1010 3039 1424 3126 παρθένον
1489 3039 1877 3105 οἷκούσιον
1940 3044 2068 3124 καὶ
2132 3041 2478 3124 τυχαίαν
2547 3042 2670 3105 καὶ
2736 3039 2876 3106 οὐκ

810 3340 879 3395 69
949 3340 1177 3407 Dionys.
1213 3338 1394 3391 Halio.
1430 3338 1487 3389 II
1521 3336 1589 3391 67
1619 3342 1896 3409 χρόνον
1933 3377 1946 3390 .
1975 3373 1985 3384 -
2017 3376 2028 3389 .
2065 3347 2480 3409 γαμεῖσθαι
2517 3344 2600 3391 καὶ
2637 3341 2876 3405 ἐποίησάν

606 3452 733 3491 τινες
781 3430 939 3481 τοῦτο
987 3425 1118 3481 πάνυ
1167 3424 1356 3495 ὅλίγαι,
1408 3421 1482 3485 αἷς
1530 3426 1700 3491 ἄζηλοι
1753 3431 2026 3490 συνέβησαν
2061 3426 2112 3476 αἴ
2148 3429 2366 3478 τελευταὶ
2407 3426 2510 3477 τῶν
2545 3433 2666 3491 βίων
2695 3432 2776 3478 καὶ
2814 3426 2877 3479 οὗ

605 3521 742 3571 πάνυ
786 3515 1039 3586 εὗτυχεῖς,
1087 3516 1215 3566 ὥστε
1264 3510 1329 3565 δι’
1365 3513 1548 3565 οἶωνοῦ
1589 3509 1930 3578 λαμβάνουσαι
1987 3509 2075 3572 τοῖς
2110 3513 2301 3564 ἐκείνων
2338 3509 2587 3578 συμφοράς
2623 3514 2675 3564 αἶ
2710 3517 2875 3565 λοιπαὶ

606 3610 847 3673 παρθένοι
880 3608 1080 3668 μένουσι
1116 3597 1251 3667 παρά
1288 3600 1354 3666 τῇ
1390 3599 1500 3669 θεῷ’
1532 3605 1676 3668 μέχρι
1714 3595 1961 3663 θανάτου,
1997 3602 2119 3651 τότε
2154 3598 2210 3651 δὲ
2246 3601 2310 3657 εἷς
2348 3596 2441 3652 τόν
2475 3598 2562 3663 τῆς
2585 3597 2876 3664 ἐκλιπούσης

604 3687 822 3759 ἆριθμὸν
876 3688 1018 3757 ἕτέρα
1061 3684 1229 3740 πάλιν
1284 3683 1388 3739 tino*
1446 3687 1546 3738 τῶν
1599 3686 1908 3754 ἱεροφαντῶν
1960 3682 2332 3737 ἇποδείκνυται.
2406 3685 2550 3736 Plut.
2603 3683 2760 3736 Num.
2812 3682 2878 3737 10

605 3774 644 3829 ὦ
664 3784 830 3845 ρίσθ
850 3799 878 3840 η
914 3810 929 3825 .
957 3807 969 3821 ·
996 3811 1009 3824 .
1048 3775 1153 3839 ἷερ
1174 3797 1296 3841 ουρ
1316 3797 1346 3843 γ
1366 3782 1434 3825 ία
1453 3797 1490 3833 ς.
1551 3776 1772 3841 λέγονται
1806 3774 1865 3823 δὲ
1901 3770 1964 3825 οὗ
1999 3776 2175 3823 πολλαὶ
2211 3768 2396 3837 ταύτην
2429 3769 2753 3824 οῗσπάσασθαι
2790 3769 2879 3838 τήν

603 3866 773 3916 ἄδειαν
791 3858 970 3927 ,“οὖδ’
1022 3858 1391 3927 ἆσπασαμέναις
1430 3857 1624 3928 χρηστα
1675 3862 1948 3928 πράγματα
1998 3865 2254 3927 συντυχεῖν
2272 3895 2286 3922 ,
2337 3855 2456 3909 dud
2504 3859 2747 3927 μετανοίᾳ
2795 3865 2876 3910 καὶ

603 3957 843 4017 κατηφείᾳ
878 3948 1107 4000 συνοῦσαι
1143 3944 1233 3999 τόν
1268 3942 1445 3998 λοιπόν
1480 3953 1591 4011 βίον
1626 3946 1861 4014 ἐμβαλεῖν
1897 3942 1985 4003 τάς
2034 3945 2178 4003 ἄλλας
2212 3946 2277 4003 εἷς
2313 3944 2725 4011 δεισιδαιμονίαν,
2773 3949 2876 3997 ιὶίσ-

603 4058 660 4089 τε
700 4043 842 4104 μέχρι
895 4036 1049 4103 γήρως
1102 4039 1182 4085 καὶ
1234 4030 1469 4086 θανάτου
1531 4033 1770 4085 διατελεῖν
1848 4032 2227 4100 ἐγκαρτερούσας
2286 4037 2368 4083 καὶ
2430 4038 2872 4100 παρθενευομένας.

604 4121 744 4173 Gen.
782 4137 834 4171 n.
877 4137 926 4171 a.
965 4118 1075 4170 VII
1110 4117 1234 4182 (VI)
1270 4119 1319 4184 7,
1356 4117 1391 4169 2
1443 4135 1560 4186 sqq.
1620 4122 1676 4170 et
1734 4117 2022 4170 Taraciam
2082 4115 2299 4183 quidem
2359 4116 2629 4183 virginem
2665 4117 2872 4170 Vestae

602 4208 774 4260 fuisse
796 4207 890 4258 lex
918 4205 1154 4256 Horatia
1191 4205 1348 4257 testis
1385 4208 1488 4271 est,
1527 4221 1668 4272 quae
1708 4221 1875 4272 super
1911 4220 1980 4257 ea
2017 4203 2087 4256 ad
2124 4203 2385 4271 populum
2422 4204 2552 4255 lata.
2602 4220 2710 4271 qua
2744 4204 2871 4270 lege

605 4296 657 4347 ei
693 4293 914 4362 plurimi
952 4293 1188 4344 honores
1226 4291 1362 4344 fiunt
1399 4331 1411 4343 .
1451 4330 1464 4343 .
1504 4290 1600 4357 (cf.
1626 4291 1716 4357 fr.
1755 4290 1887 4355 6612)
1924 4328 1938 4342 .
1976 4330 1990 4342 .
2029 4294 2461 4358 praeterea
2498 4329 2511 4341 .
2552 4329 2564 4340 .
2605 4329 2617 4341 .
2657 4290 2875 4342 facta

605 4397 634 4433 e
657 4397 683 4434 s
705 4384 728 4431 t
779 4377 1183 4431 munificentiae
1221 4381 1277 4430 et
1310 4378 1562 4431 beneficii
1616 4378 1837 4446 gratia,
1893 4376 2039 4445 quod
2094 4392 2344 4444 campum
2387 4376 2702 4428 Tiberinum
2757 4375 2873 4430 sive

611 4467 870 4519 Martium
904 4465 1109 4534 populo
1147 4465 1526 4518 condonasset.
1542 4465 1639 4529 .cf.
1674 4465 1881 4522 Auson.
1919 4468 2072 4534 epist.
2110 4466 2163 4532 7,
2199 4466 2278 4517 12.
